<?xml version="1.0" encoding="UTF-8"?>
<!DOCTYPE html PUBLIC "-//W3C//DTD XHTML 1.0 Transitional//EN"
    "http://www.w3.org/TR/xhtml1/DTD/xhtml1-transitional.dtd">
<html xmlns="http://www.w3.org/1999/xhtml" xml:lang="en" lang="en">
 <head>
  <title>
</title>
<meta http-equiv="Content-Type" content="text/html;charset=utf-8" />
  <meta name='ocr-system' content='tesseract 3.04.00' />
  <meta name='ocr-capabilities' content='ocr_page ocr_carea ocr_par ocr_line ocrx_word'/>
</head>
<body>
  <div class='ocr_page' id='page_1' title='image "./operaomniapostho01bernuoft_0206.png"; bbox 0 0 2533 3920; ppageno 0'>
   <div class='ocr_carea' id='block_1_1' title="bbox 369 220 442 257">
    <p class='ocr_par' dir='ltr' id='par_1_1' title="bbox 369 220 442 257">
     <span class='ocr_line' id='line_1_1' title="bbox 369 220 442 257; baseline 0.014 -1"><span class='ocrx_word' id='word_1_1' title='bbox 369 220 442 257; x_wconf 69' lang='lat'>395</span> 
     </span>
    </p>
   </div>
   <div class='ocr_carea' id='block_1_2' title="bbox 1133 211 1683 256">
    <p class='ocr_par' dir='ltr' id='par_1_2' title="bbox 1133 211 1683 256">
     <span class='ocr_line' id='line_1_2' title="bbox 1133 211 1683 256; baseline 0 -1"><span class='ocrx_word' id='word_1_2' title='bbox 1133 221 1168 256; x_wconf 91' lang='lat' dir='ltr'>s.</span> <span class='ocrx_word' id='word_1_3' title='bbox 1199 219 1453 255; x_wconf 74' lang='lat' dir='ltr'><strong>BERNARDI</strong></span> <span class='ocrx_word' id='word_1_4' title='bbox 1481 211 1683 255; x_wconf 81' lang='lat' dir='ltr'><strong>ABBATIS</strong></span> 
     </span>
    </p>
   </div>
   <div class='ocr_carea' id='block_1_3' title="bbox 2373 217 2447 256">
    <p class='ocr_par' dir='ltr' id='par_1_3' title="bbox 2373 217 2447 256">
     <span class='ocr_line' id='line_1_3' title="bbox 2373 217 2447 256; baseline 0.027 -2"><span class='ocrx_word' id='word_1_5' title='bbox 2373 217 2447 256; x_wconf 80' lang='lat'>396</span> 
     </span>
    </p>
   </div>
   <div class='ocr_carea' id='block_1_4' title="bbox 375 290 2510 407">
    <p class='ocr_par' dir='ltr' id='par_1_4' title="bbox 375 290 2510 407">
     <span class='ocr_line' id='line_1_4' title="bbox 375 290 2453 347; baseline -0.002 -12"><span class='ocrx_word' id='word_1_6' title='bbox 375 297 549 335; x_wconf 84' lang='lat' dir='ltr'>titudinis</span> <span class='ocrx_word' id='word_1_7' title='bbox 585 305 720 335; x_wconf 83' lang='lat' dir='ltr'>vestrae</span> <span class='ocrx_word' id='word_1_8' title='bbox 761 296 1026 347; x_wconf 80' lang='lat' dir='ltr'>praesentiam3</span> <span class='ocrx_word' id='word_1_9' title='bbox 1058 295 1123 333; x_wconf 87' lang='lat' dir='ltr'>sed</span> <span class='ocrx_word' id='word_1_10' title='bbox 1162 305 1199 333; x_wconf 87' lang='lat' dir='ltr'>ct</span> <span class='ocrx_word' id='word_1_11' title='bbox 1233 293 1512 345; x_wconf 74' lang='lat' dir='ltr'>cogno-&#39;⁷²eos</span> <span class='ocrx_word' id='word_1_12' title='bbox 1528 294 1541 316; x_wconf 80' lang='lat'>3</span> <span class='ocrx_word' id='word_1_13' title='bbox 1563 310 1570 332; x_wconf 90' lang='lat'>:</span> <span class='ocrx_word' id='word_1_14' title='bbox 1593 294 1724 331; x_wconf 82' lang='lat' dir='ltr'>didicit</span> <span class='ocrx_word' id='word_1_15' title='bbox 1742 300 1779 329; x_wconf 89' lang='lat' dir='ltr'>et</span> <span class='ocrx_word' id='word_1_16' title='bbox 1796 291 1954 328; x_wconf 89' lang='lat' dir='ltr'>stultum</span> <span class='ocrx_word' id='word_1_17' title='bbox 1976 290 2084 327; x_wconf 85' lang='lat' dir='ltr'>firma</span> <span class='ocrx_word' id='word_1_18' title='bbox 2101 290 2228 328; x_wconf 85' lang='lat' dir='ltr'>radice</span> <span class='ocrx_word' id='word_1_19' title='bbox 2244 305 2330 329; x_wconf 88' lang='lat' dir='ltr'>cum</span> <span class='ocrx_word' id='word_1_20' title='bbox 2346 293 2453 332; x_wconf 83' lang='lat' dir='ltr'>vide-</span> 
     </span>
     <span class='ocr_line' id='line_1_5' title="bbox 378 350 2510 407; baseline -0.001 -12"><span class='ocrx_word' id='word_1_21' title='bbox 378 359 507 395; x_wconf 85' lang='lat' dir='ltr'>scendi</span> <span class='ocrx_word' id='word_1_22' title='bbox 526 359 666 395; x_wconf 88' lang='lat' dir='ltr'>certius</span> <span class='ocrx_word' id='word_1_23' title='bbox 695 371 779 407; x_wconf 76' lang='lat' dir='ltr'>quae</span> <span class='ocrx_word' id='word_1_24' title='bbox 800 358 898 395; x_wconf 87' lang='lat' dir='ltr'>circa</span> <span class='ocrx_word' id='word_1_25' title='bbox 927 370 995 393; x_wconf 82' lang='lat' dir='ltr'>vos</span> <span class='ocrx_word' id='word_1_26' title='bbox 1018 365 1129 403; x_wconf 89' lang='lat' dir='ltr'>sunt,</span> <span class='ocrx_word' id='word_1_27' title='bbox 1157 368 1387 405; x_wconf 88' lang='lat' dir='ltr'>rursumque</span> <span class='ocrx_word' id='word_1_28' title='bbox 1403 355 1435 388; x_wconf 81' lang='grc' dir='ltr'><strong>Α</strong></span> <span class='ocrx_word' id='word_1_29' title='bbox 1451 356 1519 401; x_wconf 90' lang='lat' dir='ltr'>rit,</span> <span class='ocrx_word' id='word_1_30' title='bbox 1541 355 1667 391; x_wconf 84' lang='lat' dir='ltr'>statim</span> <span class='ocrx_word' id='word_1_31' title='bbox 1691 351 1915 389; x_wconf 74' lang='lat' dir='ltr'>maledicere</span> <span class='ocrx_word' id='word_1_32' title='bbox 1931 350 2209 401; x_wconf 87' lang='lat' dir='ltr'>pulchritudini</span> <span class='ocrx_word' id='word_1_33' title='bbox 2222 350 2304 400; x_wconf 89' lang='lat' dir='ltr'>ejus</span> <span class='ocrx_word' id='word_1_34' title='bbox 2317 351 2345 389; x_wconf 70' lang='lat'>4.</span> <span class='ocrx_word' id='word_1_35' title='bbox 2364 353 2454 392; x_wconf 87' lang='lat' dir='ltr'>Ideo</span> <span class='ocrx_word' id='word_1_36' title='bbox 2508 370 2510 398; x_wconf 84' lang='grc' dir='ltr'>ι</span> 
     </span>
    </p>
   </div>
   <div class='ocr_carea' id='block_1_5' title="bbox 379 415 1387 1064">
    <p class='ocr_par' dir='ltr' id='par_1_5' title="bbox 379 415 1387 1064">
     <span class='ocr_line' id='line_1_6' title="bbox 379 415 1385 467; baseline -0.002 -14"><span class='ocrx_word' id='word_1_37' title='bbox 379 419 543 467; x_wconf 85' lang='lat' dir='ltr'>qualiter</span> <span class='ocrx_word' id='word_1_38' title='bbox 569 431 608 455; x_wconf 89' lang='lat' dir='ltr'>se</span> <span class='ocrx_word' id='word_1_39' title='bbox 629 417 794 455; x_wconf 79' lang='lat' dir='ltr'>habeant</span> <span class='ocrx_word' id='word_1_40' title='bbox 817 426 946 454; x_wconf 86' lang='lat' dir='ltr'>nostra</span> <span class='ocrx_word' id='word_1_41' title='bbox 976 417 1085 454; x_wconf 86' lang='lat' dir='ltr'>vobis</span> <span class='ocrx_word' id='word_1_42' title='bbox 1112 416 1277 453; x_wconf 88' lang='lat' dir='ltr'>vicissim</span> <span class='ocrx_word' id='word_1_43' title='bbox 1300 415 1385 451; x_wconf 88' lang='lat' dir='ltr'>dili—</span> 
     </span>
     <span class='ocr_line' id='line_1_7' title="bbox 379 475 1385 527; baseline -0.004 -12"><span class='ocrx_word' id='word_1_44' title='bbox 379 479 527 527; x_wconf 75' lang='lat' dir='ltr'>gentius</span> <span class='ocrx_word' id='word_1_45' title='bbox 544 478 743 515; x_wconf 89' lang='lat' dir='ltr'>intimandi</span> <span class='ocrx_word' id='word_1_46' title='bbox 757 493 766 524; x_wconf 89' lang='lat'>;</span> <span class='ocrx_word' id='word_1_47' title='bbox 779 477 1006 527; x_wconf 85' lang='lat' dir='ltr'>jamdudum</span> <span class='ocrx_word' id='word_1_48' title='bbox 1022 477 1166 513; x_wconf 87' lang='lat' dir='ltr'>itineris</span> <span class='ocrx_word' id='word_1_49' title='bbox 1181 489 1241 513; x_wconf 89' lang='lat' dir='ltr'>me</span> <span class='ocrx_word' id='word_1_50' title='bbox 1257 475 1385 512; x_wconf 92' lang='lat' dir='ltr'>admo-</span> 
     </span>
     <span class='ocr_line' id='line_1_8' title="bbox 380 537 1384 588; baseline -0.003 -13"><span class='ocrx_word' id='word_1_51' title='bbox 380 547 466 584; x_wconf 92' lang='lat' dir='ltr'>net,</span> <span class='ocrx_word' id='word_1_52' title='bbox 516 547 628 588; x_wconf 86' lang='lat' dir='ltr'>atque</span> <span class='ocrx_word' id='word_1_53' title='bbox 671 538 929 575; x_wconf 87' lang='lat' dir='ltr'>indesinenter</span> <span class='ocrx_word' id='word_1_54' title='bbox 969 537 1155 574; x_wconf 85' lang='lat' dir='ltr'>sollicitat.</span> <span class='ocrx_word' id='word_1_55' title='bbox 1198 539 1384 574; x_wconf 67' lang='lat' dir='ltr'>Caeterum</span> 
     </span>
     <span class='ocr_line' id='line_1_9' title="bbox 381 596 1384 647; baseline -0.003 -13"><span class='ocrx_word' id='word_1_56' title='bbox 381 606 492 635; x_wconf 83' lang='lat' dir='ltr'>terrae</span> <span class='ocrx_word' id='word_1_57' title='bbox 533 612 574 635; x_wconf 90' lang='lat' dir='ltr'>ac</span> <span class='ocrx_word' id='word_1_58' title='bbox 609 598 682 634; x_wconf 87' lang='lat' dir='ltr'>diei</span> <span class='ocrx_word' id='word_1_59' title='bbox 718 597 880 643; x_wconf 82' lang='lat' dir='ltr'>malitia,</span> <span class='ocrx_word' id='word_1_60' title='bbox 919 606 955 634; x_wconf 90' lang='lat' dir='ltr'>et</span> <span class='ocrx_word' id='word_1_61' title='bbox 990 605 1130 647; x_wconf 86' lang='lat' dir='ltr'>praeter</span> <span class='ocrx_word' id='word_1_62' title='bbox 1168 596 1384 633; x_wconf 82' lang='lat' dir='ltr'>instantiam</span> 
     </span>
     <span class='ocr_line' id='line_1_10' title="bbox 381 658 1387 708; baseline -0.002 -14"><span class='ocrx_word' id='word_1_63' title='bbox 381 671 502 695; x_wconf 81' lang='lat' dir='ltr'>meam</span> <span class='ocrx_word' id='word_1_64' title='bbox 532 658 790 708; x_wconf 89' lang='lat' dir='ltr'>quotidianam</span> <span class='ocrx_word' id='word_1_65' title='bbox 819 658 930 694; x_wconf 86' lang='lat' dir='ltr'>etiam</span> <span class='ocrx_word' id='word_1_66' title='bbox 955 658 1142 694; x_wconf 90' lang='lat' dir='ltr'>nonnulla</span> <span class='ocrx_word' id='word_1_67' title='bbox 1160 665 1294 693; x_wconf 81' lang='lat' dir='ltr'>vestrae</span> <span class='ocrx_word' id='word_1_68' title='bbox 1319 668 1387 692; x_wconf 89' lang='lat' dir='ltr'>ne-</span> 
     </span>
     <span class='ocr_line' id='line_1_11' title="bbox 380 716 1384 767; baseline -0.004 -12"><span class='ocrx_word' id='word_1_69' title='bbox 380 719 560 755; x_wconf 78' lang='lat' dir='ltr'>cessitatis</span> <span class='ocrx_word' id='word_1_70' title='bbox 581 732 691 755; x_wconf 87' lang='lat' dir='ltr'>causa</span> <span class='ocrx_word' id='word_1_71' title='bbox 711 718 934 767; x_wconf 84' lang='lat' dir='ltr'>impeditus,</span> <span class='ocrx_word' id='word_1_72' title='bbox 959 725 1048 753; x_wconf 81' lang='lat' dir='ltr'>voto</span> <span class='ocrx_word' id='word_1_73' title='bbox 1066 717 1187 753; x_wconf 86' lang='lat' dir='ltr'>facere</span> <span class='ocrx_word' id='word_1_74' title='bbox 1203 716 1292 753; x_wconf 89' lang='lat' dir='ltr'>satis</span> <span class='ocrx_word' id='word_1_75' title='bbox 1306 728 1384 752; x_wconf 91' lang='lat' dir='ltr'>non</span> 
     </span>
     <span class='ocr_line' id='line_1_12' title="bbox 380 775 1386 828; baseline -0.002 -15"><span class='ocrx_word' id='word_1_76' title='bbox 380 779 489 826; x_wconf 87' lang='lat' dir='ltr'>potui</span> <span class='ocrx_word' id='word_1_77' title='bbox 525 791 644 828; x_wconf 89' lang='lat' dir='ltr'>usquc</span> <span class='ocrx_word' id='word_1_78' title='bbox 679 778 820 824; x_wconf 81' lang='lat' dir='ltr'>adime,</span> <span class='ocrx_word' id='word_1_79' title='bbox 851 777 915 814; x_wconf 90' lang='lat' dir='ltr'>sed</span> <span class='ocrx_word' id='word_1_80' title='bbox 937 777 1099 814; x_wconf 83' lang='lat' dir='ltr'>necdum</span> <span class='ocrx_word' id='word_1_81' title='bbox 1121 790 1288 826; x_wconf 83' lang='lat' dir='ltr'>possum.</span> <span class='ocrx_word' id='word_1_82' title='bbox 1313 775 1386 814; x_wconf 86' lang='lat' dir='ltr'>Sed</span> 
     </span>
     <span class='ocr_line' id='line_1_13' title="bbox 382 835 1386 887; baseline -0.002 -14"><span class='ocrx_word' id='word_1_83' title='bbox 382 838 501 887; x_wconf 78' lang='lat' dir='ltr'>quid?</span> <span class='ocrx_word' id='word_1_84' title='bbox 522 851 655 874; x_wconf 84' lang='lat' dir='ltr'>sanum</span> <span class='ocrx_word' id='word_1_85' title='bbox 672 836 896 886; x_wconf 84' lang='lat' dir='ltr'>justumque</span> <span class='ocrx_word' id='word_1_86' title='bbox 919 838 1161 886; x_wconf 87' lang='lat' dir='ltr'>propositum</span> <span class='ocrx_word' id='word_1_87' title='bbox 1198 835 1386 885; x_wconf 87' lang='lat' dir='ltr'>numquid</span> 
     </span>
     <span class='ocr_line' id='line_1_14' title="bbox 382 895 1386 945; baseline -0.002 -12"><span class='ocrx_word' id='word_1_88' title='bbox 382 897 632 933; x_wconf 86' lang='lat' dir='ltr'>omittendum</span> <span class='ocrx_word' id='word_1_89' title='bbox 645 910 691 933; x_wconf 81' lang='lat' dir='ltr'>ex</span> <span class='ocrx_word' id='word_1_90' title='bbox 710 905 790 933; x_wconf 89' lang='lat' dir='ltr'>toto</span> <span class='ocrx_word' id='word_1_91' title='bbox 809 897 878 932; x_wconf 89' lang='lat' dir='ltr'>fuit</span> <span class='ocrx_word' id='word_1_92' title='bbox 891 925 900 940; x_wconf 93' lang='lat'>‚</span> <span class='ocrx_word' id='word_1_93' title='bbox 919 897 1007 945; x_wconf 89' lang='lat' dir='ltr'>quia</span> <span class='ocrx_word' id='word_1_94' title='bbox 1026 909 1073 933; x_wconf 77' lang='lat' dir='ltr'>ex</span> <span class='ocrx_word' id='word_1_95' title='bbox 1090 904 1170 932; x_wconf 89' lang='lat' dir='ltr'>toto</span> <span class='ocrx_word' id='word_1_96' title='bbox 1186 895 1386 945; x_wconf 86' lang='lat' dir='ltr'>adimpleri</span> 
     </span>
     <span class='ocr_line' id='line_1_15' title="bbox 380 955 1387 1005; baseline -0.001 -13"><span class='ocrx_word' id='word_1_97' title='bbox 380 969 455 992; x_wconf 91' lang='lat' dir='ltr'>non</span> <span class='ocrx_word' id='word_1_98' title='bbox 476 957 627 1005; x_wconf 82' lang='lat' dir='ltr'>potuit?</span> <span class='ocrx_word' id='word_1_99' title='bbox 656 956 741 994; x_wconf 86' lang='lat' dir='ltr'>Fuit</span> <span class='ocrx_word' id='word_1_100' title='bbox 758 969 849 1005; x_wconf 82' lang='lat' dir='ltr'>ergo</span> <span class='ocrx_word' id='word_1_101' title='bbox 870 955 1034 1000; x_wconf 87' lang='lat' dir='ltr'>consilii,</span> <span class='ocrx_word' id='word_1_102' title='bbox 1056 969 1126 1005; x_wconf 90' lang='lat' dir='ltr'>per</span> <span class='ocrx_word' id='word_1_103' title='bbox 1146 955 1248 991; x_wconf 87' lang='lat' dir='ltr'>hunc</span> <span class='ocrx_word' id='word_1_104' title='bbox 1268 968 1387 991; x_wconf 87' lang='lat' dir='ltr'>vene-</span> 
     </span>
     <span class='ocr_line' id='line_1_16' title="bbox 382 1014 1387 1064; baseline 0 -14"><span class='ocrx_word' id='word_1_105' title='bbox 382 1014 537 1051; x_wconf 88' lang='lat' dir='ltr'>rabilem</span> <span class='ocrx_word' id='word_1_106' title='bbox 560 1019 760 1064; x_wconf 81' lang='lat' dir='ltr'>Hugonem</span> <span class='ocrx_word' id='word_1_107' title='bbox 774 1044 783 1059; x_wconf 96' lang='lat'>‚</span> <span class='ocrx_word' id='word_1_108' title='bbox 801 1015 988 1051; x_wconf 89' lang='lat' dir='ltr'>Tullensis</span> <span class='ocrx_word' id='word_1_109' title='bbox 1002 1015 1180 1051; x_wconf 73' lang='lat' dir='ltr'>Ecclesiae</span> <span class='ocrx_word' id='word_1_110' title='bbox 1195 1014 1387 1050; x_wconf 78' lang='lat' dir='ltr'>archidia-</span> 
     </span>
    </p>
   </div>
   <div class='ocr_carea' id='block_1_6' title="bbox 378 1133 1392 2626">
    <p class='ocr_par' dir='ltr' id='par_1_6' title="bbox 378 1133 1388 1890">
     <span class='ocr_line' id='line_1_17' title="bbox 380 1133 1384 1183; baseline 0 -13"><span class='ocrx_word' id='word_1_111' title='bbox 380 1142 608 1183; x_wconf 85' lang='lat' dir='ltr'>conceptum</span> <span class='ocrx_word' id='word_1_112' title='bbox 638 1133 717 1182; x_wconf 80' lang='lat' dir='ltr'>jam</span> <span class='ocrx_word' id='word_1_113' title='bbox 764 1134 854 1170; x_wconf 93' lang='lat' dir='ltr'>olim</span> <span class='ocrx_word' id='word_1_114' title='bbox 896 1133 1145 1180; x_wconf 86' lang='lat' dir='ltr'>desiderium,</span> <span class='ocrx_word' id='word_1_115' title='bbox 1177 1147 1384 1183; x_wconf 86' lang='lat' dir='ltr'>curamque</span> 
     </span>
     <span class='ocr_line' id='line_1_18' title="bbox 381 1193 1377 1244; baseline -0.001 -14"><span class='ocrx_word' id='word_1_116' title='bbox 381 1194 549 1231; x_wconf 84' lang='lat' dir='ltr'>relevare</span> <span class='ocrx_word' id='word_1_117' title='bbox 598 1207 712 1243; x_wconf 89' lang='lat' dir='ltr'>quam</span> <span class='ocrx_word' id='word_1_118' title='bbox 756 1195 892 1244; x_wconf 91' lang='lat' dir='ltr'>patior.</span> <span class='ocrx_word' id='word_1_119' title='bbox 938 1198 1014 1231; x_wconf 73' lang='lat' dir='ltr'>Nec</span> <span class='ocrx_word' id='word_1_120' title='bbox 1059 1194 1161 1230; x_wconf 86' lang='lat' dir='ltr'>enim</span> <span class='ocrx_word' id='word_1_121' title='bbox 1198 1193 1349 1230; x_wconf 87' lang='lat' dir='ltr'>fidelior</span> <span class='ocrx_word' id='word_1_122' title='bbox 1367 1222 1377 1239; x_wconf 92' lang='lat'>,</span> 
     </span>
     <span class='ocr_line' id='line_1_19' title="bbox 378 1254 1382 1304; baseline -0.001 -13"><span class='ocrx_word' id='word_1_123' title='bbox 378 1254 596 1301; x_wconf 82' lang='lat' dir='ltr'>studiosior,</span> <span class='ocrx_word' id='word_1_124' title='bbox 615 1254 809 1291; x_wconf 74' lang='lat' dir='ltr'>cautiorve</span> <span class='ocrx_word' id='word_1_125' title='bbox 827 1254 893 1290; x_wconf 92' lang='lat' dir='ltr'>illo</span> <span class='ocrx_word' id='word_1_126' title='bbox 907 1254 954 1290; x_wconf 89' lang='lat' dir='ltr'>ad</span> <span class='ocrx_word' id='word_1_127' title='bbox 972 1267 1127 1290; x_wconf 90' lang='lat' dir='ltr'>manum</span> <span class='ocrx_word' id='word_1_128' title='bbox 1145 1267 1225 1291; x_wconf 89' lang='lat' dir='ltr'>esse</span> <span class='ocrx_word' id='word_1_129' title='bbox 1244 1254 1382 1304; x_wconf 89' lang='lat' dir='ltr'>potuit,</span> 
     </span>
     <span class='ocr_line' id='line_1_20' title="bbox 379 1313 1385 1364; baseline -0.001 -13"><span class='ocrx_word' id='word_1_130' title='bbox 379 1315 458 1351; x_wconf 88' lang='lat' dir='ltr'>sive</span> <span class='ocrx_word' id='word_1_131' title='bbox 480 1314 517 1350; x_wconf 93' lang='lat' dir='ltr'>in</span> <span class='ocrx_word' id='word_1_132' title='bbox 536 1313 764 1364; x_wconf 87' lang='lat' dir='ltr'>perferendo</span> <span class='ocrx_word' id='word_1_133' title='bbox 785 1313 831 1350; x_wconf 91' lang='lat' dir='ltr'>ad</span> <span class='ocrx_word' id='word_1_134' title='bbox 849 1327 918 1351; x_wconf 90' lang='lat' dir='ltr'>vos</span> <span class='ocrx_word' id='word_1_135' title='bbox 943 1328 1028 1364; x_wconf 88' lang='lat' dir='ltr'>quae</span> <span class='ocrx_word' id='word_1_136' title='bbox 1055 1328 1125 1352; x_wconf 92' lang='lat' dir='ltr'>nos</span> <span class='ocrx_word' id='word_1_137' title='bbox 1145 1314 1198 1351; x_wconf 91' lang='lat' dir='ltr'>illi</span> <span class='ocrx_word' id='word_1_138' title='bbox 1219 1313 1385 1363; x_wconf 73' lang='lat' dir='ltr'>injungi-</span> 
     </span>
     <span class='ocr_line' id='line_1_21' title="bbox 380 1373 1386 1424; baseline 0 -14"><span class='ocrx_word' id='word_1_139' title='bbox 380 1387 484 1420; x_wconf 89' lang='lat' dir='ltr'>mus;</span> <span class='ocrx_word' id='word_1_140' title='bbox 508 1374 586 1411; x_wconf 83' lang='lat' dir='ltr'>sive</span> <span class='ocrx_word' id='word_1_141' title='bbox 603 1375 642 1411; x_wconf 91' lang='lat' dir='ltr'>in</span> <span class='ocrx_word' id='word_1_142' title='bbox 670 1373 871 1411; x_wconf 88' lang='lat' dir='ltr'>referendo</span> <span class='ocrx_word' id='word_1_143' title='bbox 902 1374 948 1411; x_wconf 90' lang='lat' dir='ltr'>ad</span> <span class='ocrx_word' id='word_1_144' title='bbox 969 1388 1059 1420; x_wconf 84' lang='lat' dir='ltr'>nos,</span> <span class='ocrx_word' id='word_1_145' title='bbox 1088 1375 1118 1412; x_wconf 86' lang='lat' dir='ltr'>si</span> <span class='ocrx_word' id='word_1_146' title='bbox 1145 1387 1220 1424; x_wconf 91' lang='lat' dir='ltr'>qua</span> <span class='ocrx_word' id='word_1_147' title='bbox 1252 1382 1386 1410; x_wconf 86' lang='lat' dir='ltr'>vestrae</span> 
     </span>
     <span class='ocr_line' id='line_1_22' title="bbox 380 1433 1386 1484; baseline -0.001 -14"><span class='ocrx_word' id='word_1_148' title='bbox 380 1433 588 1483; x_wconf 76' lang='lat' dir='ltr'>dignationi</span> <span class='ocrx_word' id='word_1_149' title='bbox 613 1434 799 1483; x_wconf 82' lang='lat' dir='ltr'>placuerit</span> <span class='ocrx_word' id='word_1_150' title='bbox 823 1434 1059 1471; x_wconf 86' lang='lat' dir='ltr'>remandare.</span> <span class='ocrx_word' id='word_1_151' title='bbox 1089 1438 1221 1484; x_wconf 89' lang='lat' dir='ltr'>Itaque</span> <span class='ocrx_word' id='word_1_152' title='bbox 1251 1433 1298 1469; x_wconf 87' lang='lat' dir='ltr'>de</span> <span class='ocrx_word' id='word_1_153' title='bbox 1318 1433 1386 1470; x_wconf 90' lang='lat' dir='ltr'>be-</span> 
     </span>
     <span class='ocr_line' id='line_1_23' title="bbox 379 1493 1385 1543; baseline 0.001 -13"><span class='ocrx_word' id='word_1_154' title='bbox 379 1494 569 1543; x_wconf 79' lang='lat' dir='ltr'>neplacito</span> <span class='ocrx_word' id='word_1_155' title='bbox 601 1503 748 1539; x_wconf 78' lang='lat' dir='ltr'>vestro,</span> <span class='ocrx_word' id='word_1_156' title='bbox 780 1493 826 1530; x_wconf 87' lang='lat' dir='ltr'>de</span> <span class='ocrx_word' id='word_1_157' title='bbox 860 1503 960 1532; x_wconf 90' lang='lat' dir='ltr'>statu</span> <span class='ocrx_word' id='word_1_158' title='bbox 998 1495 1132 1542; x_wconf 83' lang='lat' dir='ltr'>curiae,</span> <span class='ocrx_word' id='word_1_159' title='bbox 1170 1508 1212 1531; x_wconf 91' lang='lat' dir='ltr'>ac</span> <span class='ocrx_word' id='word_1_160' title='bbox 1249 1502 1385 1531; x_wconf 85' lang='lat' dir='ltr'>vestrae</span> 
     </span>
     <span class='ocr_line' id='line_1_24' title="bbox 379 1553 1386 1603; baseline 0.001 -14"><span class='ocrx_word' id='word_1_161' title='bbox 379 1553 559 1602; x_wconf 87' lang='lat' dir='ltr'>sospitate</span> <span class='ocrx_word' id='word_1_162' title='bbox 589 1566 783 1602; x_wconf 84' lang='lat' dir='ltr'>personae,</span> <span class='ocrx_word' id='word_1_163' title='bbox 822 1562 859 1589; x_wconf 91' lang='lat' dir='ltr'>et</span> <span class='ocrx_word' id='word_1_164' title='bbox 893 1554 923 1590; x_wconf 93' lang='lat' dir='ltr'>si</span> <span class='ocrx_word' id='word_1_165' title='bbox 959 1554 1051 1603; x_wconf 91' lang='lat' dir='ltr'>quid</span> <span class='ocrx_word' id='word_1_166' title='bbox 1081 1554 1255 1591; x_wconf 88' lang='lat' dir='ltr'>blandius</span> <span class='ocrx_word' id='word_1_167' title='bbox 1294 1567 1386 1591; x_wconf 89' lang='lat' dir='ltr'>aura</span> 
     </span>
     <span class='ocr_line' id='line_1_25' title="bbox 380 1612 1386 1665; baseline 0.001 -16"><span class='ocrx_word' id='word_1_168' title='bbox 380 1612 583 1650; x_wconf 82' lang='lat' dir='ltr'>secundior</span> <span class='ocrx_word' id='word_1_169' title='bbox 608 1626 629 1649; x_wconf 91' lang='lat' dir='ltr'>a</span> <span class='ocrx_word' id='word_1_170' title='bbox 658 1612 787 1649; x_wconf 86' lang='lat' dir='ltr'>divina</span> <span class='ocrx_word' id='word_1_171' title='bbox 813 1614 1013 1652; x_wconf 80' lang='lat' dir='ltr'>clementia</span> <span class='ocrx_word' id='word_1_172' title='bbox 1033 1628 1164 1652; x_wconf 85' lang='lat' dir='ltr'>recens</span> <span class='ocrx_word' id='word_1_173' title='bbox 1185 1615 1283 1651; x_wconf 90' lang='lat' dir='ltr'>forte</span> <span class='ocrx_word' id='word_1_174' title='bbox 1313 1614 1386 1665; x_wconf 90' lang='lat' dir='ltr'>spi-</span> 
     </span>
     <span class='ocr_line' id='line_1_26' title="bbox 380 1672 1387 1724; baseline 0.003 -16"><span class='ocrx_word' id='word_1_175' title='bbox 380 1672 519 1709; x_wconf 77' lang='lat' dir='ltr'>raverit</span> <span class='ocrx_word' id='word_1_176' title='bbox 533 1672 708 1709; x_wconf 85' lang='lat' dir='ltr'>Ecclesiae</span> <span class='ocrx_word' id='word_1_177' title='bbox 721 1700 731 1718; x_wconf 87' lang='lat'>‚</span> <span class='ocrx_word' id='word_1_178' title='bbox 754 1672 935 1710; x_wconf 83' lang='lat' dir='ltr'>adversus</span> <span class='ocrx_word' id='word_1_179' title='bbox 951 1674 1275 1711; x_wconf 87' lang='lat' dir='ltr'>schismaticorum</span> <span class='ocrx_word' id='word_1_180' title='bbox 1294 1688 1387 1724; x_wconf 88' lang='lat' dir='ltr'>pro-</span> 
     </span>
     <span class='ocr_line' id='line_1_27' title="bbox 380 1732 1387 1782; baseline 0.004 -14"><span class='ocrx_word' id='word_1_181' title='bbox 380 1745 528 1779; x_wconf 88' lang='lat' dir='ltr'>cacem,</span> <span class='ocrx_word' id='word_1_182' title='bbox 562 1732 627 1769; x_wconf 88' lang='lat' dir='ltr'>sed</span> <span class='ocrx_word' id='word_1_183' title='bbox 655 1732 890 1770; x_wconf 79' lang='lat' dir='ltr'>inefficacem</span> <span class='ocrx_word' id='word_1_184' title='bbox 927 1734 1072 1771; x_wconf 88' lang='lat' dir='ltr'>rabiem</span> <span class='ocrx_word' id='word_1_185' title='bbox 1101 1735 1320 1782; x_wconf 88' lang='lat' dir='ltr'>desudanti;</span> <span class='ocrx_word' id='word_1_186' title='bbox 1340 1735 1387 1773; x_wconf 92' lang='lat' dir='ltr'>de</span> 
     </span>
     <span class='ocr_line' id='line_1_28' title="bbox 379 1792 1388 1846; baseline 0.005 -18"><span class='ocrx_word' id='word_1_187' title='bbox 379 1792 437 1829; x_wconf 89' lang='lat' dir='ltr'>his</span> <span class='ocrx_word' id='word_1_188' title='bbox 458 1792 635 1830; x_wconf 88' lang='lat' dir='ltr'>omnibus</span> <span class='ocrx_word' id='word_1_189' title='bbox 652 1794 803 1843; x_wconf 88' lang='lat' dir='ltr'>plenius</span> <span class='ocrx_word' id='word_1_190' title='bbox 818 1793 954 1832; x_wconf 90' lang='lat' dir='ltr'>instrui</span> <span class='ocrx_word' id='word_1_191' title='bbox 969 1795 1162 1846; x_wconf 89' lang='lat' dir='ltr'>cupimus,</span> <span class='ocrx_word' id='word_1_192' title='bbox 1183 1804 1221 1832; x_wconf 89' lang='lat' dir='ltr'>et</span> <span class='ocrx_word' id='word_1_193' title='bbox 1237 1797 1388 1846; x_wconf 89' lang='lat' dir='ltr'>suppli-</span> 
     </span>
     <span class='ocr_line' id='line_1_29' title="bbox 380 1867 520 1890; baseline 0.007 -1"><span class='ocrx_word' id='word_1_194' title='bbox 380 1867 520 1890; x_wconf 90' lang='lat' dir='ltr'>camus.</span> 
     </span>
    </p>

    <p class='ocr_par' dir='ltr' id='par_1_7' title="bbox 379 1914 1392 2626">
     <span class='ocr_line' id='line_1_30' title="bbox 436 1914 1387 1954; baseline 0.005 -5"><span class='ocrx_word' id='word_1_195' title='bbox 436 1914 469 1950; x_wconf 81' lang='lat'>2.</span> <span class='ocrx_word' id='word_1_196' title='bbox 493 1917 613 1950; x_wconf 89' lang='lat' dir='ltr'>Porro</span> <span class='ocrx_word' id='word_1_197' title='bbox 636 1922 806 1951; x_wconf 88' lang='lat' dir='ltr'>nostram</span> <span class='ocrx_word' id='word_1_198' title='bbox 835 1915 1154 1952; x_wconf 87' lang='lat' dir='ltr'>citramontanam</span> <span class='ocrx_word' id='word_1_199' title='bbox 1180 1917 1387 1954; x_wconf 87' lang='lat' dir='ltr'>Ecclesiam</span> 
     </span>
     <span class='ocr_line' id='line_1_31' title="bbox 382 1974 1388 2028; baseline 0.006 -18"><span class='ocrx_word' id='word_1_200' title='bbox 382 1974 509 2010; x_wconf 83' lang='lat' dir='ltr'>tamin</span> <span class='ocrx_word' id='word_1_201' title='bbox 532 1983 684 2021; x_wconf 85' lang='lat' dir='ltr'>nostro,</span> <span class='ocrx_word' id='word_1_202' title='bbox 703 1989 816 2025; x_wconf 89' lang='lat' dir='ltr'>quam</span> <span class='ocrx_word' id='word_1_203' title='bbox 837 1976 876 2013; x_wconf 90' lang='lat' dir='ltr'>in</span> <span class='ocrx_word' id='word_1_204' title='bbox 908 1981 1142 2015; x_wconf 79' lang='lat' dir='ltr'>Francorum</span> <span class='ocrx_word' id='word_1_205' title='bbox 1169 1991 1288 2028; x_wconf 81' lang='lat' dir='ltr'>regno</span> <span class='ocrx_word' id='word_1_206' title='bbox 1316 1993 1388 2016; x_wconf 91' lang='lat' dir='ltr'>no—</span> 
     </span>
     <span class='ocr_line' id='line_1_32' title="bbox 380 2032 1389 2086; baseline 0.008 -18"><span class='ocrx_word' id='word_1_207' title='bbox 380 2032 508 2069; x_wconf 79' lang='lat' dir='ltr'>veritis</span> <span class='ocrx_word' id='word_1_208' title='bbox 529 2033 665 2070; x_wconf 90' lang='lat' dir='ltr'>fortem</span> <span class='ocrx_word' id='word_1_209' title='bbox 682 2034 722 2070; x_wconf 91' lang='lat' dir='ltr'>in</span> <span class='ocrx_word' id='word_1_210' title='bbox 740 2035 814 2072; x_wconf 89' lang='lat' dir='ltr'>fide</span> <span class='ocrx_word' id='word_1_211' title='bbox 828 2064 838 2081; x_wconf 89' lang='lat'>‚</span> <span class='ocrx_word' id='word_1_212' title='bbox 860 2036 1057 2086; x_wconf 82' lang='lat' dir='ltr'>pacificam</span> <span class='ocrx_word' id='word_1_213' title='bbox 1079 2037 1117 2073; x_wconf 92' lang='lat' dir='ltr'>in</span> <span class='ocrx_word' id='word_1_214' title='bbox 1138 2038 1300 2086; x_wconf 85' lang='lat' dir='ltr'>unitate,</span> <span class='ocrx_word' id='word_1_215' title='bbox 1320 2039 1389 2076; x_wconf 85' lang='lat' dir='ltr'>de-</span> 
     </span>
     <span class='ocr_line' id='line_1_33' title="bbox 379 2093 1389 2148; baseline 0.009 -20"><span class='ocrx_word' id='word_1_216' title='bbox 379 2101 509 2129; x_wconf 85' lang='lat' dir='ltr'>votam</span> <span class='ocrx_word' id='word_1_217' title='bbox 526 2094 563 2130; x_wconf 91' lang='lat' dir='ltr'>in</span> <span class='ocrx_word' id='word_1_218' title='bbox 581 2102 706 2131; x_wconf 80' lang='lat' dir='ltr'>vestra</span> <span class='ocrx_word' id='word_1_219' title='bbox 724 2093 957 2143; x_wconf 87' lang='lat' dir='ltr'>obedientia,</span> <span class='ocrx_word' id='word_1_220' title='bbox 977 2106 1195 2148; x_wconf 86' lang='lat' dir='ltr'>promptam</span> <span class='ocrx_word' id='word_1_221' title='bbox 1211 2099 1259 2135; x_wconf 94' lang='lat' dir='ltr'>ad</span> <span class='ocrx_word' id='word_1_222' title='bbox 1273 2100 1389 2137; x_wconf 87' lang='lat' dir='ltr'>servi-</span> 
     </span>
     <span class='ocr_line' id='line_1_34' title="bbox 381 2152 1387 2210; baseline 0.008 -21"><span class='ocrx_word' id='word_1_223' title='bbox 381 2152 486 2190; x_wconf 89' lang='lat' dir='ltr'>tium.</span> <span class='ocrx_word' id='word_1_224' title='bbox 504 2158 754 2204; x_wconf 74' lang='lat' dir='ltr'>Nequaquam</span> <span class='ocrx_word' id='word_1_225' title='bbox 772 2169 841 2192; x_wconf 91' lang='lat' dir='ltr'>nos</span> <span class='ocrx_word' id='word_1_226' title='bbox 861 2158 1087 2204; x_wconf 90' lang='lat' dir='ltr'>Beneventi,</span> <span class='ocrx_word' id='word_1_227' title='bbox 1109 2171 1187 2195; x_wconf 90' lang='lat' dir='ltr'>non</span> <span class='ocrx_word' id='word_1_228' title='bbox 1206 2162 1344 2210; x_wconf 83' lang='lat' dir='ltr'>Capuae</span> <span class='ocrx_word' id='word_1_229' title='bbox 1356 2159 1387 2207; x_wconf 74' lang='lat'>¹³,</span> 
     </span>
     <span class='ocr_line' id='line_1_35' title="bbox 381 2214 1387 2268; baseline 0.008 -19"><span class='ocrx_word' id='word_1_230' title='bbox 381 2226 459 2249; x_wconf 87' lang='lat' dir='ltr'>non</span> <span class='ocrx_word' id='word_1_231' title='bbox 486 2214 605 2263; x_wconf 89' lang='lat' dir='ltr'>ipsius</span> <span class='ocrx_word' id='word_1_232' title='bbox 638 2218 770 2251; x_wconf 83' lang='lat' dir='ltr'>Romae</span> <span class='ocrx_word' id='word_1_233' title='bbox 797 2224 937 2262; x_wconf 87' lang='lat' dir='ltr'>terret,</span> <span class='ocrx_word' id='word_1_234' title='bbox 968 2221 1050 2254; x_wconf 91' lang='lat' dir='ltr'>Deo</span> <span class='ocrx_word' id='word_1_235' title='bbox 1085 2218 1136 2254; x_wconf 89' lang='lat' dir='ltr'>sic</span> <span class='ocrx_word' id='word_1_236' title='bbox 1165 2217 1387 2268; x_wconf 86' lang='lat' dir='ltr'>judicante,</span> 
     </span>
     <span class='ocr_line' id='line_1_36' title="bbox 382 2274 1389 2320; baseline 0.007 -11"><span class='ocrx_word' id='word_1_237' title='bbox 382 2274 559 2320; x_wconf 80' lang='lat' dir='ltr'>amissi03</span> <span class='ocrx_word' id='word_1_238' title='bbox 592 2274 750 2311; x_wconf 87' lang='lat' dir='ltr'>scientes</span> <span class='ocrx_word' id='word_1_239' title='bbox 784 2276 962 2313; x_wconf 84' lang='lat' dir='ltr'>Ecclesiae</span> <span class='ocrx_word' id='word_1_240' title='bbox 991 2285 1130 2314; x_wconf 91' lang='lat' dir='ltr'>statum</span> <span class='ocrx_word' id='word_1_241' title='bbox 1167 2291 1246 2315; x_wconf 89' lang='lat' dir='ltr'>non</span> <span class='ocrx_word' id='word_1_242' title='bbox 1274 2280 1389 2317; x_wconf 90' lang='lat' dir='ltr'>armis</span> 
     </span>
     <span class='ocr_line' id='line_1_37' title="bbox 382 2333 1389 2387; baseline 0.009 -19"><span class='ocrx_word' id='word_1_243' title='bbox 382 2333 582 2379; x_wconf 76' lang='lat' dir='ltr'>aestimari,</span> <span class='ocrx_word' id='word_1_244' title='bbox 605 2333 671 2370; x_wconf 89' lang='lat' dir='ltr'>sed</span> <span class='ocrx_word' id='word_1_245' title='bbox 686 2334 842 2372; x_wconf 88' lang='lat' dir='ltr'>meritis.</span> <span class='ocrx_word' id='word_1_246' title='bbox 861 2337 985 2386; x_wconf 88' lang='lat' dir='ltr'>Ipsius</span> <span class='ocrx_word' id='word_1_247' title='bbox 1002 2337 1166 2387; x_wconf 84' lang='lat' dir='ltr'>quippe,</span> <span class='ocrx_word' id='word_1_248' title='bbox 1190 2351 1267 2375; x_wconf 92' lang='lat' dir='ltr'>non</span> <span class='ocrx_word' id='word_1_249' title='bbox 1292 2340 1389 2377; x_wconf 89' lang='lat' dir='ltr'>alte-</span> 
     </span>
     <span class='ocr_line' id='line_1_38' title="bbox 384 2394 1388 2442; baseline 0.008 -14"><span class='ocrx_word' id='word_1_250' title='bbox 384 2394 461 2429; x_wconf 83' lang='lat' dir='ltr'>rius</span> <span class='ocrx_word' id='word_1_251' title='bbox 481 2394 719 2442; x_wconf 78' lang='lat' dir='ltr'>agnoscimus</span> <span class='ocrx_word' id='word_1_252' title='bbox 737 2408 851 2432; x_wconf 78' lang='lat' dir='ltr'>voces</span> <span class='ocrx_word' id='word_1_253' title='bbox 870 2396 952 2433; x_wconf 85' lang='lat' dir='ltr'>illas</span> <span class='ocrx_word' id='word_1_254' title='bbox 973 2397 1012 2434; x_wconf 92' lang='lat' dir='ltr'>in</span> <span class='ocrx_word' id='word_1_255' title='bbox 1032 2398 1182 2435; x_wconf 86' lang='lat' dir='ltr'>Psalmo</span> <span class='ocrx_word' id='word_1_256' title='bbox 1202 2414 1209 2436; x_wconf 91' lang='lat'><strong>:</strong></span> <span class='ocrx_word' id='word_1_257' title='bbox 1232 2400 1273 2435; x_wconf 75' lang='lat' dir='ltr'>Si</span> <span class='ocrx_word' id='word_1_258' title='bbox 1299 2414 1388 2436; x_wconf 80' lang='lat' dir='ltr'>con-</span> 
     </span>
     <span class='ocr_line' id='line_1_39' title="bbox 382 2455 1392 2502; baseline 0.008 -15"><span class='ocrx_word' id='word_1_259' title='bbox 382 2458 517 2488; x_wconf 72' lang='lat' dir='ltr'>sistant</span> <span class='ocrx_word' id='word_1_260' title='bbox 547 2455 738 2489; x_wconf 66' lang='lat' dir='ltr'>adversum</span> <span class='ocrx_word' id='word_1_261' title='bbox 778 2468 836 2490; x_wconf 83' lang='lat' dir='ltr'>me</span> <span class='ocrx_word' id='word_1_262' title='bbox 868 2465 1014 2502; x_wconf 75' lang='lat' dir='ltr'>castra,</span> <span class='ocrx_word' id='word_1_263' title='bbox 1049 2471 1123 2493; x_wconf 81' lang='lat' dir='ltr'>non</span> <span class='ocrx_word' id='word_1_264' title='bbox 1155 2458 1299 2495; x_wconf 75' lang='lat' dir='ltr'>timebit</span> <span class='ocrx_word' id='word_1_265' title='bbox 1328 2473 1392 2496; x_wconf 81' lang='lat' dir='ltr'>cor</span> 
     </span>
     <span class='ocr_line' id='line_1_40' title="bbox 384 2517 1388 2566; baseline 0.008 -19"><span class='ocrx_word' id='word_1_266' title='bbox 384 2526 504 2548; x_wconf 79' lang='lat' dir='ltr'>meum</span> <span class='ocrx_word' id='word_1_267' title='bbox 527 2527 538 2547; x_wconf 94' lang='grc'>.·</span> <span class='ocrx_word' id='word_1_268' title='bbox 557 2518 588 2549; x_wconf 81' lang='lat' dir='ltr'>si</span> <span class='ocrx_word' id='word_1_269' title='bbox 613 2524 790 2564; x_wconf 74' lang='lat' dir='ltr'>exsurgat</span> <span class='ocrx_word' id='word_1_270' title='bbox 823 2517 1017 2552; x_wconf 81' lang='lat' dir='ltr'>adversum</span> <span class='ocrx_word' id='word_1_271' title='bbox 1039 2531 1099 2553; x_wconf 80' lang='lat' dir='ltr'>me</span> <span class='ocrx_word' id='word_1_272' title='bbox 1110 2521 1294 2566; x_wconf 79' lang='lat' dir='ltr'>proell&#39;um</span> <span class='ocrx_word' id='word_1_273' title='bbox 1306 2547 1318 2564; x_wconf 89' lang='lat'>,</span> <span class='ocrx_word' id='word_1_274' title='bbox 1350 2524 1388 2555; x_wconf 75' lang='lat' dir='ltr'>in</span> 
     </span>
     <span class='ocr_line' id='line_1_41' title="bbox 384 2573 1387 2626; baseline 0.008 -19"><span class='ocrx_word' id='word_1_275' title='bbox 384 2573 452 2608; x_wconf 77' lang='lat' dir='ltr'>hoc</span> <span class='ocrx_word' id='word_1_276' title='bbox 472 2586 537 2621; x_wconf 76' lang='lat' dir='ltr'>ego</span> <span class='ocrx_word' id='word_1_277' title='bbox 561 2573 752 2621; x_wconf 46' lang='lat' dir='ltr'>sperabo&amp;</span> <span class='ocrx_word' id='word_1_278' title='bbox 768 2577 976 2624; x_wconf 83' lang='lat' dir='ltr'>Propterea</span> <span class='ocrx_word' id='word_1_279' title='bbox 994 2584 1032 2612; x_wconf 90' lang='lat' dir='ltr'>et</span> <span class='ocrx_word' id='word_1_280' title='bbox 1051 2589 1122 2613; x_wconf 86' lang='lat' dir='ltr'>nos</span> <span class='ocrx_word' id='word_1_281' title='bbox 1141 2577 1229 2626; x_wconf 91' lang='lat' dir='ltr'>quia</span> <span class='ocrx_word' id='word_1_282' title='bbox 1247 2577 1293 2614; x_wconf 89' lang='lat' dir='ltr'>de</span> <span class='ocrx_word' id='word_1_283' title='bbox 1314 2582 1387 2615; x_wconf 83' lang='lat' dir='ltr'>Ec—</span> 
     </span>
    </p>
   </div>
   <div class='ocr_carea' id='block_1_7' title="bbox 1452 410 2454 516">
    <p class='ocr_par' dir='ltr' id='par_1_8' title="bbox 1452 410 2454 516">
     <span class='ocr_line' id='line_1_42' title="bbox 1452 410 2452 461; baseline 0 -10"><span class='ocrx_word' id='word_1_284' title='bbox 1452 428 1538 451; x_wconf 88' lang='lat' dir='ltr'>cum</span> <span class='ocrx_word' id='word_1_285' title='bbox 1563 422 1694 451; x_wconf 91' lang='lat' dir='ltr'>sancto</span> <span class='ocrx_word' id='word_1_286' title='bbox 1710 411 1832 450; x_wconf 86' lang='lat' dir='ltr'>David</span> <span class='ocrx_word' id='word_1_287' title='bbox 1857 424 1937 448; x_wconf 88' lang='lat' dir='ltr'>sese</span> <span class='ocrx_word' id='word_1_288' title='bbox 1956 410 1995 447; x_wconf 91' lang='lat' dir='ltr'>in</span> <span class='ocrx_word' id='word_1_289' title='bbox 2019 418 2184 460; x_wconf 87' lang='lat' dir='ltr'>utroque</span> <span class='ocrx_word' id='word_1_290' title='bbox 2209 412 2452 461; x_wconf 87' lang='lat' dir='ltr'>consolatur,</span> 
     </span>
     <span class='ocr_line' id='line_1_43' title="bbox 1452 468 2454 516; baseline 0 -5"><span class='ocrx_word' id='word_1_291' title='bbox 1452 483 1490 511; x_wconf 89' lang='lat' dir='ltr'>et</span> <span class='ocrx_word' id='word_1_292' title='bbox 1512 474 1678 511; x_wconf 89' lang='lat' dir='ltr'>hostium</span> <span class='ocrx_word' id='word_1_293' title='bbox 1703 471 1880 508; x_wconf 86' lang='lat' dir='ltr'>videlicet</span> <span class='ocrx_word' id='word_1_294' title='bbox 1906 483 2018 516; x_wconf 84' lang='lat' dir='ltr'>casn,</span> <span class='ocrx_word' id='word_1_295' title='bbox 2053 477 2091 506; x_wconf 89' lang='lat' dir='ltr'>et</span> <span class='ocrx_word' id='word_1_296' title='bbox 2115 468 2340 508; x_wconf 85' lang='lat' dir='ltr'>liberatione</span> <span class='ocrx_word' id='word_1_297' title='bbox 2372 473 2454 512; x_wconf 80' lang='lat' dir='ltr'>sui:</span> 
     </span>
    </p>
   </div>
   <div class='ocr_carea' id='block_1_8' title="bbox 1451 529 2508 583">
    <p class='ocr_par' dir='ltr' id='par_1_9' title="bbox 1451 529 2508 583">
     <span class='ocr_line' id='line_1_44' title="bbox 1451 529 2508 583; baseline -0.006 -12"><span class='ocrx_word' id='word_1_298' title='bbox 1451 534 1503 571; x_wconf 88' lang='lat' dir='ltr'>ait</span> <span class='ocrx_word' id='word_1_299' title='bbox 1519 532 1707 583; x_wconf 83' lang='lat' dir='ltr'>siquidem</span> <span class='ocrx_word' id='word_1_300' title='bbox 1722 560 1731 577; x_wconf 94' lang='lat'>,</span> <span class='ocrx_word' id='word_1_301' title='bbox 1753 532 1803 566; x_wconf 78' lang='lat' dir='ltr'>Hi</span> <span class='ocrx_word' id='word_1_302' title='bbox 1823 534 1859 565; x_wconf 79' lang='lat' dir='ltr'>in</span> <span class='ocrx_word' id='word_1_303' title='bbox 1881 529 2049 565; x_wconf 80' lang='lat' dir='ltr'>curribus</span> <span class='ocrx_word' id='word_1_304' title='bbox 2071 537 2107 564; x_wconf 81' lang='lat' dir='ltr'>ee</span> <span class='ocrx_word' id='word_1_305' title='bbox 2121 530 2160 565; x_wconf 74' lang='lat' dir='ltr'>lu·</span> <span class='ocrx_word' id='word_1_306' title='bbox 2179 534 2218 564; x_wconf 82' lang='lat' dir='ltr'>in</span> <span class='ocrx_word' id='word_1_307' title='bbox 2240 533 2344 578; x_wconf 80' lang='lat' dir='ltr'>equis</span> <span class='ocrx_word' id='word_1_308' title='bbox 2359 545 2370 566; x_wconf 89' lang='lat'><em>:</em></span> <span class='ocrx_word' id='word_1_309' title='bbox 2388 545 2455 570; x_wconf 73' lang='lat' dir='ltr'>nos</span> <span class='ocrx_word' id='word_1_310' title='bbox 2506 554 2508 566; x_wconf 85' lang='lat'><em>.</em></span> 
     </span>
    </p>
   </div>
   <div class='ocr_carea' id='block_1_9' title="bbox 1453 591 2460 702">
    <p class='ocr_par' dir='ltr' id='par_1_10' title="bbox 1453 591 2460 702">
     <span class='ocr_line' id='line_1_45' title="bbox 1453 591 2460 630; baseline -0.006 0"><span class='ocrx_word' id='word_1_311' title='bbox 1453 603 1577 630; x_wconf 75' lang='lat' dir='ltr'>(actem</span> <span class='ocrx_word' id='word_1_312' title='bbox 1610 598 1648 629; x_wconf 79' lang='lat' dir='ltr'>in</span> <span class='ocrx_word' id='word_1_313' title='bbox 1675 596 1825 628; x_wconf 77' lang='lat' dir='ltr'>nomine</span> <span class='ocrx_word' id='word_1_314' title='bbox 1848 592 2004 626; x_wconf 74' lang='lat' dir='ltr'>Domini</span> <span class='ocrx_word' id='word_1_315' title='bbox 2024 592 2095 625; x_wconf 71' lang='lat' dir='ltr'>Dei</span> <span class='ocrx_word' id='word_1_316' title='bbox 2124 593 2241 625; x_wconf 82' lang='lat' dir='ltr'>nostri</span> <span class='ocrx_word' id='word_1_317' title='bbox 2269 591 2460 628; x_wconf 72' lang='lat' dir='ltr'>invocabi-</span> 
     </span>
     <span class='ocr_line' id='line_1_46' title="bbox 1454 651 2456 702; baseline -0.001 -13"><span class='ocrx_word' id='word_1_318' title='bbox 1454 667 1546 690; x_wconf 75' lang='lat' dir='ltr'>mus.</span> <span class='ocrx_word' id='word_1_319' title='bbox 1571 656 1650 702; x_wconf 78' lang='lat' dir='ltr'>Ipsi</span> <span class='ocrx_word' id='word_1_320' title='bbox 1675 652 1832 701; x_wconf 78' lang='lat' dir='ltr'>obligati</span> <span class='ocrx_word' id='word_1_321' title='bbox 1856 659 1956 694; x_wconf 80' lang='lat' dir='ltr'>sunt,</span> <span class='ocrx_word' id='word_1_322' title='bbox 1976 659 2012 686; x_wconf 82' lang='lat' dir='ltr'>et</span> <span class='ocrx_word' id='word_1_323' title='bbox 2042 651 2280 685; x_wconf 76' lang='lat' dir='ltr'>ceciderunt:</span> <span class='ocrx_word' id='word_1_324' title='bbox 2299 663 2365 686; x_wconf 82' lang='lat' dir='ltr'>nos</span> <span class='ocrx_word' id='word_1_325' title='bbox 2384 665 2456 688; x_wconf 87' lang='grc' dir='ltr'><em>αιι-</em></span> 
     </span>
    </p>
   </div>
   <div class='ocr_carea' id='block_1_10' title="bbox 1455 707 2505 760">
    <p class='ocr_par' dir='ltr' id='par_1_11' title="bbox 1455 707 2505 760">
     <span class='ocr_line' id='line_1_47' title="bbox 1455 707 2505 760; baseline 0.002 -11"><span class='ocrx_word' id='word_1_326' title='bbox 1455 723 1525 750; x_wconf 81' lang='lat' dir='ltr'>tem</span> <span class='ocrx_word' id='word_1_327' title='bbox 1545 717 1786 757; x_wconf 28' lang='lat' dir='ltr'>,steri-eximius,</span> <span class='ocrx_word' id='word_1_328' title='bbox 1816 722 1849 748; x_wconf 77' lang='lat' dir='ltr'>ec</span> <span class='ocrx_word' id='word_1_329' title='bbox 1882 715 1994 747; x_wconf 76' lang='lat' dir='ltr'>erecti</span> <span class='ocrx_word' id='word_1_330' title='bbox 2019 723 2146 746; x_wconf 78' lang='lat' dir='ltr'>sumus</span> <span class='ocrx_word' id='word_1_331' title='bbox 2161 707 2188 746; x_wconf 80' lang='lat'>⁵.</span> <span class='ocrx_word' id='word_1_332' title='bbox 2218 712 2309 746; x_wconf 81' lang='lat' dir='ltr'>Haec</span> <span class='ocrx_word' id='word_1_333' title='bbox 2338 722 2458 760; x_wconf 82' lang='lat' dir='ltr'>pauca</span> <span class='ocrx_word' id='word_1_334' title='bbox 2504 747 2505 751; x_wconf 74' lang='grc'>,</span> 
     </span>
    </p>
   </div>
   <div class='ocr_carea' id='block_1_11' title="bbox 1453 768 2457 880">
    <p class='ocr_par' dir='ltr' id='par_1_12' title="bbox 1453 768 2457 880">
     <span class='ocr_line' id='line_1_48' title="bbox 1453 768 2457 821; baseline -0.002 -11"><span class='ocrx_word' id='word_1_335' title='bbox 1453 773 1563 810; x_wconf 82' lang='lat' dir='ltr'>vobis</span> <span class='ocrx_word' id='word_1_336' title='bbox 1583 772 1808 809; x_wconf 89' lang='lat' dir='ltr'>consolandi</span> <span class='ocrx_word' id='word_1_337' title='bbox 1829 771 1969 821; x_wconf 80' lang='lat' dir='ltr'>gratia,</span> <span class='ocrx_word' id='word_1_338' title='bbox 1992 769 2038 806; x_wconf 83' lang='lat' dir='ltr'>de</span> <span class='ocrx_word' id='word_1_339' title='bbox 2066 768 2205 820; x_wconf 87' lang='lat' dir='ltr'>quibus</span> <span class='ocrx_word' id='word_1_340' title='bbox 2229 777 2356 806; x_wconf 89' lang='lat' dir='ltr'>certus</span> <span class='ocrx_word' id='word_1_341' title='bbox 2382 770 2457 818; x_wconf 81' lang='lat' dir='ltr'>fui,</span> 
     </span>
     <span class='ocr_line' id='line_1_49' title="bbox 1455 829 2456 880; baseline -0.005 -9"><span class='ocrx_word' id='word_1_342' title='bbox 1455 834 1556 871; x_wconf 88' lang='lat' dir='ltr'>fideli</span> <span class='ocrx_word' id='word_1_343' title='bbox 1577 833 1816 870; x_wconf 89' lang='lat' dir='ltr'>attestatione</span> <span class='ocrx_word' id='word_1_344' title='bbox 1834 830 2043 869; x_wconf 88' lang='lat' dir='ltr'>intimanda</span> <span class='ocrx_word' id='word_1_345' title='bbox 2060 843 2140 867; x_wconf 87' lang='lat' dir='ltr'>esse</span> <span class='ocrx_word' id='word_1_346' title='bbox 2158 829 2311 880; x_wconf 80' lang='lat' dir='ltr'>putavi,</span> <span class='ocrx_word' id='word_1_347' title='bbox 2328 829 2376 866; x_wconf 90' lang='lat' dir='ltr'>ad</span> <span class='ocrx_word' id='word_1_348' title='bbox 2393 843 2456 867; x_wconf 86' lang='lat' dir='ltr'>re-</span> 
     </span>
    </p>
   </div>
   <div class='ocr_carea' id='block_1_12' title="bbox 378 893 2505 1241">
    <p class='ocr_par' dir='ltr' id='par_1_13' title="bbox 378 893 2505 1241">
     <span class='ocr_line' id='line_1_50' title="bbox 1454 893 2505 941; baseline -0.003 -11"><span class='ocrx_word' id='word_1_349' title='bbox 1454 893 1654 930; x_wconf 84' lang='lat' dir='ltr'>levandam</span> <span class='ocrx_word' id='word_1_350' title='bbox 1674 894 1734 930; x_wconf 85' lang='lat' dir='ltr'>vel</span> <span class='ocrx_word' id='word_1_351' title='bbox 1755 906 1802 929; x_wconf 82' lang='lat' dir='ltr'>ex</span> <span class='ocrx_word' id='word_1_352' title='bbox 1822 893 1947 941; x_wconf 87' lang='lat' dir='ltr'>aliqua</span> <span class='ocrx_word' id='word_1_353' title='bbox 1971 898 2080 941; x_wconf 85' lang='lat' dir='ltr'>parte</span> <span class='ocrx_word' id='word_1_354' title='bbox 2098 903 2202 936; x_wconf 87' lang='lat' dir='ltr'>eam,</span> <span class='ocrx_word' id='word_1_355' title='bbox 2223 903 2309 940; x_wconf 87' lang='lat' dir='ltr'>quae</span> <span class='ocrx_word' id='word_1_356' title='bbox 2334 898 2456 929; x_wconf 81' lang='lat' dir='ltr'>vestra</span> <span class='ocrx_word' id='word_1_357' title='bbox 2501 894 2505 927; x_wconf 77' lang='lat' dir='ltr'>i</span> 
     </span>
     <span class='ocr_line' id='line_1_51' title="bbox 1454 949 2502 1000; baseline -0.002 -10"><span class='ocrx_word' id='word_1_358' title='bbox 1454 954 1598 990; x_wconf 84' lang='lat' dir='ltr'>viscera</span> <span class='ocrx_word' id='word_1_359' title='bbox 1620 954 1853 989; x_wconf 84' lang='lat' dir='ltr'>incessanter</span> <span class='ocrx_word' id='word_1_360' title='bbox 1869 951 2026 1000; x_wconf 74' lang='lat' dir='ltr'>affligit,</span> <span class='ocrx_word' id='word_1_361' title='bbox 2049 949 2266 987; x_wconf 91' lang='lat' dir='ltr'>sollicitudo</span> <span class='ocrx_word' id='word_1_362' title='bbox 2287 950 2456 988; x_wconf 88' lang='lat' dir='ltr'>omnium</span> <span class='ocrx_word' id='word_1_363' title='bbox 2500 963 2502 966; x_wconf 59' lang='lat'><strong>⁴</strong></span> 
     </span>
     <span class='ocr_line' id='line_1_52' title="bbox 1454 1010 2501 1060; baseline 0 -11"><span class='ocrx_word' id='word_1_364' title='bbox 1454 1013 1720 1049; x_wconf 88' lang='lat' dir='ltr'>Ecclesiarum.</span> <span class='ocrx_word' id='word_1_365' title='bbox 1744 1015 1827 1048; x_wconf 89' lang='lat' dir='ltr'>Hoc</span> <span class='ocrx_word' id='word_1_366' title='bbox 1842 1023 1998 1060; x_wconf 90' lang='lat' dir='ltr'>quoque</span> <span class='ocrx_word' id='word_1_367' title='bbox 2016 1010 2116 1047; x_wconf 89' lang='lat' dir='ltr'>addo</span> <span class='ocrx_word' id='word_1_368' title='bbox 2129 1039 2139 1057; x_wconf 93' lang='lat'>‚</span> <span class='ocrx_word' id='word_1_369' title='bbox 2167 1010 2367 1047; x_wconf 85' lang='lat' dir='ltr'>dominum</span> <span class='ocrx_word' id='word_1_370' title='bbox 2384 1013 2458 1049; x_wconf 75' lang='lat' dir='ltr'>Re·</span> <span class='ocrx_word' id='word_1_371' title='bbox 2500 1031 2501 1034; x_wconf 41' lang='lat'>¹</span> 
     </span>
     <span class='ocr_line' id='line_1_53' title="bbox 378 1067 2503 1124; baseline -0.001 -14"><span class='ocrx_word' id='word_1_372' title='bbox 378 1087 517 1110; x_wconf 91' lang='lat' dir='ltr'>conum</span> <span class='ocrx_word' id='word_1_373' title='bbox 531 1081 560 1121; x_wconf 55' lang='grc' dir='ltr'>ὃ,</span> <span class='ocrx_word' id='word_1_374' title='bbox 587 1075 738 1111; x_wconf 88' lang='lat' dir='ltr'>interim</span> <span class='ocrx_word' id='word_1_375' title='bbox 770 1075 901 1111; x_wconf 85' lang='lat' dir='ltr'>saltem</span> <span class='ocrx_word' id='word_1_376' title='bbox 929 1075 1167 1124; x_wconf 90' lang='lat' dir='ltr'>aliquatenus</span> <span class='ocrx_word' id='word_1_377' title='bbox 1196 1073 1385 1110; x_wconf 89' lang='lat' dir='ltr'>consolari</span> <span class='ocrx_word' id='word_1_378' title='bbox 1403 1074 1431 1108; x_wconf 92' lang='lat' dir='ltr'>B</span> <span class='ocrx_word' id='word_1_379' title='bbox 1451 1086 1533 1122; x_wconf 83' lang='lat' dir='ltr'>gem</span> <span class='ocrx_word' id='word_1_380' title='bbox 1551 1079 1577 1118; x_wconf 75' lang='lat'>⁰,</span> <span class='ocrx_word' id='word_1_381' title='bbox 1596 1076 1679 1109; x_wconf 86' lang='lat' dir='ltr'>Deo</span> <span class='ocrx_word' id='word_1_382' title='bbox 1700 1085 1786 1108; x_wconf 92' lang='lat' dir='ltr'>eum</span> <span class='ocrx_word' id='word_1_383' title='bbox 1814 1070 2074 1117; x_wconf 86' lang='lat' dir='ltr'>confortante,</span> <span class='ocrx_word' id='word_1_384' title='bbox 2096 1070 2244 1107; x_wconf 89' lang='lat' dir='ltr'>fervere</span> <span class='ocrx_word' id='word_1_385' title='bbox 2260 1079 2298 1107; x_wconf 92' lang='lat' dir='ltr'>et</span> <span class='ocrx_word' id='word_1_386' title='bbox 2317 1070 2457 1121; x_wconf 87' lang='lat' dir='ltr'>accingi</span> <span class='ocrx_word' id='word_1_387' title='bbox 2498 1067 2503 1103; x_wconf 72' lang='grc' dir='ltr'>ἶ</span> 
     </span>
     <span class='ocr_line' id='line_1_54' title="bbox 1451 1130 2500 1181; baseline -0.001 -12"><span class='ocrx_word' id='word_1_388' title='bbox 1451 1132 1498 1169; x_wconf 87' lang='lat' dir='ltr'>ad</span> <span class='ocrx_word' id='word_1_389' title='bbox 1513 1131 1778 1169; x_wconf 84' lang='lat' dir='ltr'>liberationem</span> <span class='ocrx_word' id='word_1_390' title='bbox 1799 1131 1977 1168; x_wconf 83' lang='lat' dir='ltr'>Ecclesiae</span> <span class='ocrx_word' id='word_1_391' title='bbox 1990 1159 2000 1177; x_wconf 88' lang='lat'>,</span> <span class='ocrx_word' id='word_1_392' title='bbox 2020 1139 2057 1168; x_wconf 90' lang='lat' dir='ltr'>et</span> <span class='ocrx_word' id='word_1_393' title='bbox 2073 1144 2208 1181; x_wconf 84' lang='lat' dir='ltr'>parare</span> <span class='ocrx_word' id='word_1_394' title='bbox 2225 1130 2297 1168; x_wconf 90' lang='lat' dir='ltr'>sibi</span> <span class='ocrx_word' id='word_1_395' title='bbox 2315 1131 2458 1169; x_wconf 84' lang='lat' dir='ltr'>exerci-</span> <span class='ocrx_word' id='word_1_396' title='bbox 2498 1151 2500 1161; x_wconf 61' lang='lat' dir='ltr'>v</span> 
     </span>
     <span class='ocr_line' id='line_1_55' title="bbox 1453 1184 2499 1241; baseline -0.002 -11"><span class='ocrx_word' id='word_1_397' title='bbox 1453 1202 1532 1230; x_wconf 90' lang='lat' dir='ltr'>tum</span> <span class='ocrx_word' id='word_1_398' title='bbox 1550 1193 1713 1230; x_wconf 89' lang='lat' dir='ltr'>multum</span> <span class='ocrx_word' id='word_1_399' title='bbox 1733 1192 1846 1230; x_wconf 90' lang='lat' dir='ltr'>nimis</span> <span class='ocrx_word' id='word_1_400' title='bbox 1862 1206 1870 1229; x_wconf 90' lang='lat'>:</span> <span class='ocrx_word' id='word_1_401' title='bbox 1886 1205 1958 1229; x_wconf 88' lang='lat' dir='ltr'>nos</span> <span class='ocrx_word' id='word_1_402' title='bbox 1973 1204 2129 1241; x_wconf 87' lang='lat' dir='ltr'>quoque</span> <span class='ocrx_word' id='word_1_403' title='bbox 2146 1190 2311 1228; x_wconf 85' lang='lat' dir='ltr'>fideliter</span> <span class='ocrx_word' id='word_1_404' title='bbox 2323 1191 2370 1228; x_wconf 87' lang='lat' dir='ltr'>ad</span> <span class='ocrx_word' id='word_1_405' title='bbox 2387 1191 2459 1230; x_wconf 83' lang='lat' dir='ltr'>hoc</span> <span class='ocrx_word' id='word_1_406' title='bbox 2496 1184 2499 1228; x_wconf 72' lang='grc' dir='ltr'><em>Ξ</em></span> 
     </span>
    </p>
   </div>
   <div class='ocr_carea' id='block_1_13' title="bbox 1451 1252 2460 1306">
    <p class='ocr_par' dir='ltr' id='par_1_14' title="bbox 1451 1252 2460 1306">
     <span class='ocr_line' id='line_1_56' title="bbox 1451 1252 2460 1306; baseline -0.003 -15"><span class='ocrx_word' id='word_1_407' title='bbox 1451 1255 1574 1306; x_wconf 89' lang='lat' dir='ltr'>ipsum</span> <span class='ocrx_word' id='word_1_408' title='bbox 1603 1267 1675 1304; x_wconf 88' lang='lat' dir='ltr'>pro</span> <span class='ocrx_word' id='word_1_409' title='bbox 1698 1253 1845 1291; x_wconf 85' lang='lat' dir='ltr'>viribus</span> <span class='ocrx_word' id='word_1_410' title='bbox 1866 1252 2065 1299; x_wconf 86' lang='lat' dir='ltr'>laborare,</span> <span class='ocrx_word' id='word_1_411' title='bbox 2089 1252 2306 1298; x_wconf 83' lang='lat' dir='ltr'>exhortari,</span> <span class='ocrx_word' id='word_1_412' title='bbox 2327 1260 2365 1289; x_wconf 88' lang='lat' dir='ltr'>et</span> <span class='ocrx_word' id='word_1_413' title='bbox 2384 1252 2460 1289; x_wconf 87' lang='lat' dir='ltr'>sol-</span> 
     </span>
    </p>
   </div>
   <div class='ocr_carea' id='block_1_14' title="bbox 1453 1311 2497 1425">
    <p class='ocr_par' dir='ltr' id='par_1_15' title="bbox 1453 1311 2497 1425">
     <span class='ocr_line' id='line_1_57' title="bbox 1453 1311 2497 1364; baseline -0.001 -13"><span class='ocrx_word' id='word_1_414' title='bbox 1453 1315 1596 1351; x_wconf 86' lang='lat' dir='ltr'>licitare</span> <span class='ocrx_word' id='word_1_415' title='bbox 1625 1327 1721 1364; x_wconf 89' lang='lat' dir='ltr'>quos</span> <span class='ocrx_word' id='word_1_416' title='bbox 1749 1326 1981 1363; x_wconf 87' lang='lat' dir='ltr'>possumus:</span> <span class='ocrx_word' id='word_1_417' title='bbox 2001 1321 2038 1349; x_wconf 92' lang='lat' dir='ltr'>et</span> <span class='ocrx_word' id='word_1_418' title='bbox 2067 1326 2154 1349; x_wconf 90' lang='lat' dir='ltr'>cum</span> <span class='ocrx_word' id='word_1_419' title='bbox 2174 1321 2325 1362; x_wconf 87' lang='lat' dir='ltr'>tempus</span> <span class='ocrx_word' id='word_1_420' title='bbox 2347 1311 2459 1350; x_wconf 85' lang='lat' dir='ltr'>adve-</span> <span class='ocrx_word' id='word_1_421' title='bbox 2496 1331 2497 1336; x_wconf 51' lang='lat'>¹</span> 
     </span>
     <span class='ocr_line' id='line_1_58' title="bbox 1453 1372 2496 1425; baseline -0.001 -14"><span class='ocrx_word' id='word_1_422' title='bbox 1453 1375 1572 1421; x_wconf 86' lang='lat' dir='ltr'>nerit,</span> <span class='ocrx_word' id='word_1_423' title='bbox 1590 1388 1668 1412; x_wconf 90' lang='lat' dir='ltr'>non</span> <span class='ocrx_word' id='word_1_424' title='bbox 1685 1375 1880 1425; x_wconf 82' lang='lat' dir='ltr'>expensis,</span> <span class='ocrx_word' id='word_1_425' title='bbox 1903 1387 1981 1411; x_wconf 91' lang='lat' dir='ltr'>non</span> <span class='ocrx_word' id='word_1_426' title='bbox 1997 1386 2173 1425; x_wconf 84' lang='lat' dir='ltr'>personae</span> <span class='ocrx_word' id='word_1_427' title='bbox 2188 1372 2356 1424; x_wconf 84' lang='lat' dir='ltr'>propriae</span> <span class='ocrx_word' id='word_1_428' title='bbox 2372 1386 2458 1423; x_wconf 85' lang='lat' dir='ltr'>par·</span> <span class='ocrx_word' id='word_1_429' title='bbox 2494 1393 2496 1398; x_wconf 48' lang='lat' dir='ltr'>v</span> 
     </span>
    </p>
   </div>
   <div class='ocr_carea' id='block_1_15' title="bbox 1454 1435 1631 1472">
    <p class='ocr_par' dir='ltr' id='par_1_16' title="bbox 1454 1435 1631 1472">
     <span class='ocr_line' id='line_1_59' title="bbox 1454 1435 1631 1472; baseline 0 -1"><span class='ocrx_word' id='word_1_430' title='bbox 1454 1435 1631 1472; x_wconf 86' lang='lat' dir='ltr'>citurum.</span> 
     </span>
    </p>
   </div>
   <div class='ocr_carea' id='block_1_16' title="bbox 1454 1572 2458 1584">
    <p class='ocr_par' dir='ltr' id='par_1_17' title="bbox 1454 1572 2458 1584">
     <span class='ocr_line' id='line_1_60' title="bbox 1454 1572 2458 1584; baseline -0.002 0"><span class='ocrx_word' id='word_1_431' title='bbox 1454 1575 1478 1584; x_wconf 64' lang='lat' dir='ltr'>u</span> <span class='ocrx_word' id='word_1_432' title='bbox 1485 1575 1507 1583; x_wconf 76' lang='grc' dir='ltr'>ιι</span> <span class='ocrx_word' id='word_1_433' title='bbox 1513 1576 1520 1584; x_wconf 77' lang='grc' dir='ltr'>ι</span> <span class='ocrx_word' id='word_1_434' title='bbox 1526 1575 1565 1584; x_wconf 51' lang='grc' dir='ltr'>ἰι</span> <span class='ocrx_word' id='word_1_435' title='bbox 1570 1574 1637 1583; x_wconf 57' lang='lat' dir='ltr'>=z===</span> <span class='ocrx_word' id='word_1_436' title='bbox 1643 1572 2458 1583; x_wconf 45' lang='lat' dir='ltr'>umxn==========uz====x====sxx=zv=nv=m===============u</span> 
     </span>
    </p>
   </div>
   <div class='ocr_carea' id='block_1_17' title="bbox 1559 1692 2354 1762">
    <p class='ocr_par' dir='ltr' id='par_1_18' title="bbox 1559 1692 2510 1762">
     <span class='ocr_line' id='line_1_61' title="bbox 1559 1692 2354 1762; baseline -0.004 -3"><span class='ocrx_word' id='word_1_437' title='bbox 1559 1703 1936 1761; x_wconf 76' lang='lat' dir='ltr'>EPISTULA</span> <span class='ocrx_word' id='word_1_438' title='bbox 1981 1692 2354 1762; x_wconf 83' lang='lat' dir='ltr'>CLXXVII.‘¹</span> 
     </span>
    </p>
   </div>
   <div class='ocr_carea' id='block_1_18' title="bbox 1597 1864 2304 1890">
    <p class='ocr_par' dir='ltr' id='par_1_19' title="bbox 1597 1864 2304 1890">
     <span class='ocr_line' id='line_1_62' title="bbox 1597 1864 2304 1890; baseline -0.003 -1"><span class='ocrx_word' id='word_1_439' title='bbox 1597 1867 1645 1890; x_wconf 75' lang='lat' dir='ltr'>AD</span> <span class='ocrx_word' id='word_1_440' title='bbox 1673 1866 1835 1890; x_wconf 74' lang='lat' dir='ltr'>EUMDEM</span> <span class='ocrx_word' id='word_1_441' title='bbox 1864 1864 1906 1889; x_wconf 83' lang='lat' dir='ltr'>IN</span> <span class='ocrx_word' id='word_1_442' title='bbox 1935 1864 2099 1889; x_wconf 73' lang='lat' dir='ltr'>PERSONA</span> <span class='ocrx_word' id='word_1_443' title='bbox 2128 1864 2304 1888; x_wconf 70' lang='lat' dir='ltr'><strong>DCSDEM.</strong></span> 
     </span>
    </p>
   </div>
   <div class='ocr_carea' id='block_1_19' title="bbox 1455 1988 2461 2141">
    <p class='ocr_par' dir='ltr' id='par_1_20' title="bbox 1455 1988 2486 2141">
     <span class='ocr_line' id='line_1_63' title="bbox 1455 1988 2461 2032; baseline -0.001 -11"><span class='ocrx_word' id='word_1_444' title='bbox 1455 1990 1606 2031; x_wconf 68' lang='lat' dir='ltr'>Quoi-itur</span> <span class='ocrx_word' id='word_1_445' title='bbox 1629 1989 1811 2032; x_wconf 80' lang='lat' dir='ltr'>impositum</span> <span class='ocrx_word' id='word_1_446' title='bbox 1835 1989 1894 2021; x_wconf 90' lang='lat' dir='ltr'>sibi</span> <span class='ocrx_word' id='word_1_447' title='bbox 1919 1989 2078 2032; x_wconf 82' lang='lat' dir='ltr'>pastorale</span> <span class='ocrx_word' id='word_1_448' title='bbox 2099 1999 2231 2028; x_wconf 88' lang='lat' dir='ltr'>munus;</span> <span class='ocrx_word' id='word_1_449' title='bbox 2253 1988 2308 2021; x_wconf 87' lang='lat' dir='ltr'>sed</span> <span class='ocrx_word' id='word_1_450' title='bbox 2329 1988 2362 2021; x_wconf 91' lang='lat' dir='ltr'>in</span> <span class='ocrx_word' id='word_1_451' title='bbox 2381 1997 2461 2020; x_wconf 74' lang='lat' dir='ltr'>exse-</span> 
     </span>
     <span class='ocr_line' id='line_1_64' title="bbox 1502 2042 2460 2086; baseline 0 -12"><span class='ocrx_word' id='word_1_452' title='bbox 1502 2043 1634 2086; x_wconf 86' lang='lat' dir='ltr'>quendis</span> <span class='ocrx_word' id='word_1_453' title='bbox 1649 2054 1719 2085; x_wconf 66' lang='lat' dir='ltr'>quae</span> <span class='ocrx_word' id='word_1_454' title='bbox 1745 2043 1793 2074; x_wconf 87' lang='lat' dir='ltr'>sui</span> <span class='ocrx_word' id='word_1_455' title='bbox 1817 2049 1891 2074; x_wconf 88' lang='lat' dir='ltr'>sunt</span> <span class='ocrx_word' id='word_1_456' title='bbox 1909 2043 2068 2081; x_wconf 82' lang='lat' dir='ltr'>muneris,</span> <span class='ocrx_word' id='word_1_457' title='bbox 2094 2042 2238 2085; x_wconf 86' lang='lat' dir='ltr'>impediri</span> <span class='ocrx_word' id='word_1_458' title='bbox 2269 2042 2460 2075; x_wconf 82' lang='lat' dir='ltr'>aemulatione</span> 
     </span>
     <span class='ocr_line' id='line_1_65' title="bbox 1503 2097 2227 2141; baseline -0.001 -11"><span class='ocrx_word' id='word_1_459' title='bbox 1503 2099 1635 2130; x_wconf 83' lang='lat' dir='ltr'>aliorum</span> <span class='ocrx_word' id='word_1_460' title='bbox 1646 2123 1654 2138; x_wconf 90' lang='lat'>,</span> <span class='ocrx_word' id='word_1_461' title='bbox 1672 2109 1738 2130; x_wconf 90' lang='lat' dir='ltr'>non</span> <span class='ocrx_word' id='word_1_462' title='bbox 1753 2098 1820 2130; x_wconf 86' lang='lat' dir='ltr'>sine</span> <span class='ocrx_word' id='word_1_463' title='bbox 1835 2098 1932 2141; x_wconf 88' lang='lat' dir='ltr'>ipsius</span> <span class='ocrx_word' id='word_1_464' title='bbox 1948 2098 2041 2141; x_wconf 84' lang='lat' dir='ltr'>culpa</span> <span class='ocrx_word' id='word_1_465' title='bbox 2056 2097 2227 2130; x_wconf 87' lang='lat' dir='ltr'>Pontificis.</span> 
     </span>
    </p>
   </div>
   <div class='ocr_carea' id='block_1_20' title="bbox 1454 2218 2489 2631">
    <p class='ocr_par' dir='ltr' id='par_1_21' title="bbox 1454 2218 2489 2631">
     <span class='ocr_line' id='line_1_66' title="bbox 1513 2218 2489 2272; baseline -0.003 -13"><span class='ocrx_word' id='word_1_466' title='bbox 1513 2223 1544 2260; x_wconf 93' lang='lat'>1.</span> <span class='ocrx_word' id='word_1_467' title='bbox 1576 2221 1773 2272; x_wconf 72' lang='lat' dir='ltr'>Numquid</span> <span class='ocrx_word' id='word_1_468' title='bbox 1803 2221 1920 2272; x_wconf 84' lang='lat' dir='ltr'>petivi</span> <span class='ocrx_word' id='word_1_469' title='bbox 1955 2221 2218 2271; x_wconf 87' lang='lat' dir='ltr'>episcopatum</span> <span class='ocrx_word' id='word_1_470' title='bbox 2247 2233 2269 2257; x_wconf 86' lang='lat' dir='ltr'>a</span> <span class='ocrx_word' id='word_1_471' title='bbox 2296 2218 2459 2258; x_wconf 88' lang='lat' dir='ltr'>Domino</span> <span class='ocrx_word' id='word_1_472' title='bbox 2479 2219 2489 2266; x_wconf 45' lang='grc' dir='ltr'>ξ,</span> 
     </span>
     <span class='ocr_line' id='line_1_67' title="bbox 1455 2271 2482 2327; baseline -0.002 -9"><span class='ocrx_word' id='word_1_473' title='bbox 1455 2296 1541 2318; x_wconf 87' lang='lat' dir='ltr'>meo</span> <span class='ocrx_word' id='word_1_474' title='bbox 1560 2283 1574 2318; x_wconf 73' lang='grc' dir='ltr'>Ξ)</span> <span class='ocrx_word' id='word_1_475' title='bbox 1591 2285 1638 2318; x_wconf 91' lang='lat' dir='ltr'>Et</span> <span class='ocrx_word' id='word_1_476' title='bbox 1657 2282 1688 2318; x_wconf 93' lang='lat' dir='ltr'>si</span> <span class='ocrx_word' id='word_1_477' title='bbox 1708 2281 1806 2318; x_wconf 86' lang='lat' dir='ltr'>forte</span> <span class='ocrx_word' id='word_1_478' title='bbox 1831 2280 2048 2318; x_wconf 87' lang='lat' dir='ltr'>cathedram</span> <span class='ocrx_word' id='word_1_479' title='bbox 2072 2280 2268 2327; x_wconf 86' lang='lat' dir='ltr'>affectavi,</span> <span class='ocrx_word' id='word_1_480' title='bbox 2291 2279 2358 2317; x_wconf 90' lang='lat' dir='ltr'>sed</span> <span class='ocrx_word' id='word_1_481' title='bbox 2386 2291 2458 2317; x_wconf 89' lang='lat' dir='ltr'>non</span> <span class='ocrx_word' id='word_1_482' title='bbox 2480 2271 2482 2276; x_wconf 45' lang='lat'>¹</span> 
     </span>
     <span class='ocr_line' id='line_1_68' title="bbox 1455 2340 2459 2392; baseline -0.001 -14"><span class='ocrx_word' id='word_1_483' title='bbox 1455 2345 1741 2378; x_wconf 87' lang='lat' dir='ltr'>Treverensem.</span> <span class='ocrx_word' id='word_1_484' title='bbox 1765 2340 1937 2378; x_wconf 85' lang='lat' dir='ltr'>Sciebam</span> <span class='ocrx_word' id='word_1_485' title='bbox 1962 2341 2106 2392; x_wconf 88' lang='lat' dir='ltr'>quippe</span> <span class='ocrx_word' id='word_1_486' title='bbox 2127 2341 2284 2378; x_wconf 89' lang='lat' dir='ltr'>domum</span> <span class='ocrx_word' id='word_1_487' title='bbox 2307 2351 2459 2390; x_wconf 75' lang='lat' dir='ltr'>exaspe-</span> 
     </span>
     <span class='ocr_line' id='line_1_69' title="bbox 1456 2400 2457 2450; baseline 0 -13"><span class='ocrx_word' id='word_1_488' title='bbox 1456 2409 1603 2437; x_wconf 89' lang='lat' dir='ltr'>rantem</span> <span class='ocrx_word' id='word_1_489' title='bbox 1622 2429 1631 2446; x_wconf 90' lang='lat'>‚</span> <span class='ocrx_word' id='word_1_490' title='bbox 1662 2401 1927 2450; x_wconf 90' lang='lat' dir='ltr'>populumque</span> <span class='ocrx_word' id='word_1_491' title='bbox 1956 2400 2062 2437; x_wconf 90' lang='lat' dir='ltr'>durae</span> <span class='ocrx_word' id='word_1_492' title='bbox 2097 2400 2268 2438; x_wconf 84' lang='lat' dir='ltr'>cervicis.</span> <span class='ocrx_word' id='word_1_493' title='bbox 2301 2400 2457 2439; x_wconf 83' lang='lat' dir='ltr'>Oderam</span> 
     </span>
     <span class='ocr_line' id='line_1_70' title="bbox 1454 2459 2457 2510; baseline 0.001 -14"><span class='ocrx_word' id='word_1_494' title='bbox 1454 2460 1553 2506; x_wconf 87' lang='lat' dir='ltr'>illos,</span> <span class='ocrx_word' id='word_1_495' title='bbox 1568 2459 1673 2509; x_wconf 91' lang='lat' dir='ltr'>quod</span> <span class='ocrx_word' id='word_1_496' title='bbox 1692 2472 1843 2510; x_wconf 90' lang='lat' dir='ltr'>semper</span> <span class='ocrx_word' id='word_1_497' title='bbox 1861 2460 1902 2496; x_wconf 91' lang='lat' dir='ltr'>in</span> <span class='ocrx_word' id='word_1_498' title='bbox 1923 2460 2013 2497; x_wconf 83' lang='lat' dir='ltr'>faece</span> <span class='ocrx_word' id='word_1_499' title='bbox 2030 2459 2229 2497; x_wconf 83' lang='lat' dir='ltr'>discordiae</span> <span class='ocrx_word' id='word_1_500' title='bbox 2241 2460 2457 2510; x_wconf 84' lang='lat' dir='ltr'>jacuissent,</span> 
     </span>
     <span class='ocr_line' id='line_1_71' title="bbox 1456 2520 2478 2571; baseline 0.002 -15"><span class='ocrx_word' id='word_1_501' title='bbox 1456 2521 1635 2557; x_wconf 85' lang='lat' dir='ltr'>Ecclesiae</span> <span class='ocrx_word' id='word_1_502' title='bbox 1666 2521 1895 2558; x_wconf 86' lang='lat' dir='ltr'>resistentes.</span> <span class='ocrx_word' id='word_1_503' title='bbox 1919 2524 1993 2558; x_wconf 92' lang='lat' dir='ltr'>Pro</span> <span class='ocrx_word' id='word_1_504' title='bbox 2023 2534 2098 2571; x_wconf 89' lang='lat' dir='ltr'>qua</span> <span class='ocrx_word' id='word_1_505' title='bbox 2131 2521 2161 2558; x_wconf 91' lang='lat' dir='ltr'>si</span> <span class='ocrx_word' id='word_1_506' title='bbox 2188 2534 2286 2571; x_wconf 89' lang='lat' dir='ltr'>quos</span> <span class='ocrx_word' id='word_1_507' title='bbox 2316 2520 2478 2563; x_wconf 72' lang='lat' dir='ltr'>laboresg</span> 
     </span>
     <span class='ocr_line' id='line_1_72' title="bbox 1454 2580 2477 2631; baseline 0.001 -16"><span class='ocrx_word' id='word_1_508' title='bbox 1454 2580 1688 2629; x_wconf 89' lang='lat' dir='ltr'>quandoque</span> <span class='ocrx_word' id='word_1_509' title='bbox 1720 2580 1903 2627; x_wconf 90' lang='lat' dir='ltr'>sustinui,</span> <span class='ocrx_word' id='word_1_510' title='bbox 1926 2594 2003 2617; x_wconf 89' lang='lat' dir='ltr'>non</span> <span class='ocrx_word' id='word_1_511' title='bbox 2032 2594 2092 2618; x_wconf 89' lang='lat' dir='ltr'>me</span> <span class='ocrx_word' id='word_1_512' title='bbox 2116 2581 2247 2631; x_wconf 82' lang='lat' dir='ltr'>piget:</span> <span class='ocrx_word' id='word_1_513' title='bbox 2268 2580 2334 2618; x_wconf 91' lang='lat' dir='ltr'>sed</span> <span class='ocrx_word' id='word_1_514' title='bbox 2363 2580 2477 2617; x_wconf 86' lang='lat' dir='ltr'>hunc:</span> 
     </span>
    </p>
   </div>
   <div class='ocr_carea' id='block_1_21' title="bbox 384 2632 2480 2692">
    <p class='ocr_par' dir='ltr' id='par_1_22' title="bbox 384 2632 2480 2692">
     <span class='ocr_line' id='line_1_73' title="bbox 384 2632 2480 2692; baseline 0.004 -25"><span class='ocrx_word' id='word_1_515' title='bbox 384 2632 496 2668; x_wconf 88' lang='lat' dir='ltr'>clesia</span> <span class='ocrx_word' id='word_1_516' title='bbox 527 2644 678 2676; x_wconf 89' lang='lat' dir='ltr'>sumus,</span> <span class='ocrx_word' id='word_1_517' title='bbox 709 2645 788 2668; x_wconf 92' lang='lat' dir='ltr'>non</span> <span class='ocrx_word' id='word_1_518' title='bbox 818 2632 1036 2670; x_wconf 88' lang='lat' dir='ltr'>timebimus</span> <span class='ocrx_word' id='word_1_519' title='bbox 1064 2633 1156 2670; x_wconf 89' lang='lat' dir='ltr'>dum</span> <span class='ocrx_word' id='word_1_520' title='bbox 1178 2634 1442 2675; x_wconf 86' lang='lat' dir='ltr'>turbabiturD</span> <span class='ocrx_word' id='word_1_521' title='bbox 1459 2640 1547 2676; x_wconf 90' lang='lat' dir='ltr'>inde</span> <span class='ocrx_word' id='word_1_522' title='bbox 1568 2640 1733 2677; x_wconf 85' lang='lat' dir='ltr'>fructum</span> <span class='ocrx_word' id='word_1_523' title='bbox 1755 2654 1825 2677; x_wconf 83' lang='lat' dir='ltr'>nec</span> <span class='ocrx_word' id='word_1_524' title='bbox 1850 2642 2026 2692; x_wconf 86' lang='lat' dir='ltr'>speravi,</span> <span class='ocrx_word' id='word_1_525' title='bbox 2048 2655 2119 2679; x_wconf 89' lang='lat' dir='ltr'>nec</span> <span class='ocrx_word' id='word_1_526' title='bbox 2136 2641 2253 2679; x_wconf 82' lang='lat' dir='ltr'>volui.</span> <span class='ocrx_word' id='word_1_527' title='bbox 2276 2639 2458 2680; x_wconf 59' lang='lat' dir='ltr'>Laborem·</span> <span class='ocrx_word' id='word_1_528' title='bbox 2472 2639 2480 2660; x_wconf 81' lang='lat'>·&#39;</span> 
     </span>
    </p>
   </div>
   <div class='ocr_carea' id='block_1_22' title="bbox 385 2691 1391 3099">
    <p class='ocr_par' dir='ltr' id='par_1_23' title="bbox 385 2691 1391 3099">
     <span class='ocr_line' id='line_1_74' title="bbox 388 2691 1389 2735; baseline 0.007 -9"><span class='ocrx_word' id='word_1_529' title='bbox 388 2698 515 2735; x_wconf 85' lang='lat' dir='ltr'>terra,</span> <span class='ocrx_word' id='word_1_530' title='bbox 546 2699 584 2727; x_wconf 90' lang='lat' dir='ltr'>et</span> <span class='ocrx_word' id='word_1_531' title='bbox 615 2691 891 2728; x_wconf 85' lang='lat' dir='ltr'>transferentur</span> <span class='ocrx_word' id='word_1_532' title='bbox 923 2702 1073 2730; x_wconf 87' lang='lat' dir='ltr'>montes</span> <span class='ocrx_word' id='word_1_533' title='bbox 1102 2693 1142 2730; x_wconf 90' lang='lat' dir='ltr'>in</span> <span class='ocrx_word' id='word_1_534' title='bbox 1174 2707 1241 2731; x_wconf 88' lang='lat' dir='ltr'>cor</span> <span class='ocrx_word' id='word_1_535' title='bbox 1265 2697 1389 2733; x_wconf 87' lang='lat' dir='ltr'>maris.</span> 
     </span>
     <span class='ocr_line' id='line_1_75' title="bbox 385 2749 1391 2805; baseline 0.007 -20"><span class='ocrx_word' id='word_1_536' title='bbox 385 2749 580 2786; x_wconf 88' lang='lat' dir='ltr'>Glorietur</span> <span class='ocrx_word' id='word_1_537' title='bbox 601 2757 786 2797; x_wconf 77' lang='lat' dir='ltr'>tyrannus</span> <span class='ocrx_word' id='word_1_538' title='bbox 812 2750 959 2787; x_wconf 90' lang='lat' dir='ltr'>Siculus</span> <span class='ocrx_word' id='word_1_539' title='bbox 982 2760 1169 2801; x_wconf 87' lang='lat' dir='ltr'>quantum</span> <span class='ocrx_word' id='word_1_540' title='bbox 1186 2755 1287 2801; x_wconf 88' lang='lat' dir='ltr'>vult,</span> <span class='ocrx_word' id='word_1_541' title='bbox 1307 2756 1391 2805; x_wconf 78' lang='lat' dir='ltr'>glo-</span> 
     </span>
     <span class='ocr_line' id='line_1_76' title="bbox 387 2808 1388 2863; baseline 0.01 -21"><span class='ocrx_word' id='word_1_542' title='bbox 387 2808 505 2844; x_wconf 91' lang='lat' dir='ltr'>rietur</span> <span class='ocrx_word' id='word_1_543' title='bbox 522 2808 562 2844; x_wconf 91' lang='lat' dir='ltr'>in</span> <span class='ocrx_word' id='word_1_544' title='bbox 582 2808 724 2845; x_wconf 87' lang='lat' dir='ltr'>malitia</span> <span class='ocrx_word' id='word_1_545' title='bbox 744 2810 848 2858; x_wconf 92' lang='lat' dir='ltr'>quod</span> <span class='ocrx_word' id='word_1_546' title='bbox 869 2819 1006 2860; x_wconf 88' lang='lat' dir='ltr'>potens</span> <span class='ocrx_word' id='word_1_547' title='bbox 1027 2820 1082 2849; x_wconf 84' lang='lat' dir='ltr'>est</span> <span class='ocrx_word' id='word_1_548' title='bbox 1100 2813 1139 2848; x_wconf 91' lang='lat' dir='ltr'>in</span> <span class='ocrx_word' id='word_1_549' title='bbox 1159 2813 1360 2863; x_wconf 81' lang='lat' dir='ltr'>iniquitate</span> <span class='ocrx_word' id='word_1_550' title='bbox 1382 2832 1388 2853; x_wconf 94' lang='lat'>:</span> 
     </span>
     <span class='ocr_line' id='line_1_77' title="bbox 386 2869 1389 2923; baseline 0.01 -21"><span class='ocrx_word' id='word_1_551' title='bbox 386 2875 516 2903; x_wconf 86' lang='lat' dir='ltr'>nostra</span> <span class='ocrx_word' id='word_1_552' title='bbox 544 2876 668 2904; x_wconf 82' lang='lat' dir='ltr'>autem</span> <span class='ocrx_word' id='word_1_553' title='bbox 704 2869 825 2905; x_wconf 86' lang='lat' dir='ltr'>virtus</span> <span class='ocrx_word' id='word_1_554' title='bbox 859 2870 898 2905; x_wconf 92' lang='lat' dir='ltr'>in</span> <span class='ocrx_word' id='word_1_555' title='bbox 931 2871 1152 2908; x_wconf 83' lang='lat' dir='ltr'>infirmitate</span> <span class='ocrx_word' id='word_1_556' title='bbox 1180 2875 1389 2923; x_wconf 80' lang='lat' dir='ltr'>perficitur.</span> 
     </span>
     <span class='ocr_line' id='line_1_78' title="bbox 385 2927 1391 2983; baseline 0.011 -21"><span class='ocrx_word' id='word_1_557' title='bbox 385 2927 549 2964; x_wconf 82' lang='lat' dir='ltr'>Ecclesia</span> <span class='ocrx_word' id='word_1_558' title='bbox 581 2928 735 2977; x_wconf 87' lang='lat' dir='ltr'>quando</span> <span class='ocrx_word' id='word_1_559' title='bbox 771 2929 1005 2978; x_wconf 85' lang='lat' dir='ltr'>infirmatur,</span> <span class='ocrx_word' id='word_1_560' title='bbox 1038 2932 1142 2969; x_wconf 88' lang='lat' dir='ltr'>Pauli</span> <span class='ocrx_word' id='word_1_561' title='bbox 1174 2935 1391 2983; x_wconf 79' lang='lat' dir='ltr'>magisterio</span> 
     </span>
     <span class='ocr_line' id='line_1_79' title="bbox 385 2986 1390 3043; baseline 0.012 -22"><span class='ocrx_word' id='word_1_562' title='bbox 385 2986 515 3022; x_wconf 88' lang='lat' dir='ltr'>didicit</span> <span class='ocrx_word' id='word_1_563' title='bbox 538 3000 618 3023; x_wconf 84' lang='lat' dir='ltr'>csse</span> <span class='ocrx_word' id='word_1_564' title='bbox 642 2989 870 3037; x_wconf 78' lang='lat' dir='ltr'>potenti0r2.</span> <span class='ocrx_word' id='word_1_565' title='bbox 892 2991 1033 3028; x_wconf 91' lang='lat' dir='ltr'>Didicit</span> <span class='ocrx_word' id='word_1_566' title='bbox 1063 3005 1083 3028; x_wconf 86' lang='lat' dir='ltr'>e</span> <span class='ocrx_word' id='word_1_567' title='bbox 1119 2994 1273 3043; x_wconf 74' lang='lat' dir='ltr'>regione</span> <span class='ocrx_word' id='word_1_568' title='bbox 1301 3004 1338 3032; x_wconf 89' lang='lat' dir='ltr'>et</span> <span class='ocrx_word' id='word_1_569' title='bbox 1369 3011 1390 3034; x_wconf 88' lang='lat' dir='ltr'>a</span> 
     </span>
     <span class='ocr_line' id='line_1_80' title="bbox 385 3047 1388 3099; baseline 0.011 -17"><span class='ocrx_word' id='word_1_570' title='bbox 385 3047 605 3094; x_wconf 82' lang='lat' dir='ltr'>Salomone,</span> <span class='ocrx_word' id='word_1_571' title='bbox 626 3049 728 3097; x_wconf 90' lang='lat' dir='ltr'>quod</span> <span class='ocrx_word' id='word_1_572' title='bbox 761 3051 994 3099; x_wconf 84' lang='lat' dir='ltr'>prosperitas</span> <span class='ocrx_word' id='word_1_573' title='bbox 1017 3053 1220 3090; x_wconf 86' lang='lat' dir='ltr'>stultorum</span> <span class='ocrx_word' id='word_1_574' title='bbox 1249 3056 1388 3094; x_wconf 88' lang='lat' dir='ltr'>occidit</span> 
     </span>
    </p>
   </div>
   <div class='ocr_carea' id='block_1_23' title="bbox 1455 2699 2472 3106">
    <p class='ocr_par' dir='ltr' id='par_1_24' title="bbox 1455 2699 2472 3106">
     <span class='ocr_line' id='line_1_81' title="bbox 1457 2699 2458 2752; baseline 0 -16"><span class='ocrx_word' id='word_1_575' title='bbox 1457 2700 1668 2746; x_wconf 86' lang='lat' dir='ltr'>sustinens,</span> <span class='ocrx_word' id='word_1_576' title='bbox 1706 2699 1826 2737; x_wconf 87' lang='lat' dir='ltr'>libens</span> <span class='ocrx_word' id='word_1_577' title='bbox 1860 2701 2043 2752; x_wconf 81' lang='lat' dir='ltr'>quidem,</span> <span class='ocrx_word' id='word_1_578' title='bbox 2075 2700 2143 2739; x_wconf 90' lang='lat' dir='ltr'>sed</span> <span class='ocrx_word' id='word_1_579' title='bbox 2180 2714 2259 2738; x_wconf 91' lang='lat' dir='ltr'>non</span> <span class='ocrx_word' id='word_1_580' title='bbox 2296 2701 2366 2738; x_wconf 85' lang='lat' dir='ltr'>hac</span> <span class='ocrx_word' id='word_1_581' title='bbox 2395 2711 2458 2751; x_wconf 85' lang='lat' dir='ltr'>spe</span> 
     </span>
     <span class='ocr_line' id='line_1_82' title="bbox 1456 2761 2459 2811; baseline 0.002 -16"><span class='ocrx_word' id='word_1_582' title='bbox 1456 2761 1616 2810; x_wconf 80' lang='lat' dir='ltr'>praemii.</span> <span class='ocrx_word' id='word_1_583' title='bbox 1645 2764 1789 2798; x_wconf 91' lang='lat' dir='ltr'>Duram</span> <span class='ocrx_word' id='word_1_584' title='bbox 1820 2762 2061 2811; x_wconf 83' lang='lat' dir='ltr'>provinciam</span> <span class='ocrx_word' id='word_1_585' title='bbox 2089 2769 2222 2798; x_wconf 88' lang='lat' dir='ltr'>nactus</span> <span class='ocrx_word' id='word_1_586' title='bbox 2248 2774 2356 2807; x_wconf 89' lang='lat' dir='ltr'>sum,</span> <span class='ocrx_word' id='word_1_587' title='bbox 2375 2771 2459 2810; x_wconf 81' lang='lat' dir='ltr'>peo-</span> 
     </span>
     <span class='ocr_line' id='line_1_83' title="bbox 1458 2820 2457 2871; baseline 0 -15"><span class='ocrx_word' id='word_1_588' title='bbox 1458 2820 1548 2856; x_wconf 80' lang='lat' dir='ltr'>catis</span> <span class='ocrx_word' id='word_1_589' title='bbox 1569 2820 1662 2857; x_wconf 83' lang='lat' dir='ltr'>meis</span> <span class='ocrx_word' id='word_1_590' title='bbox 1686 2820 1938 2870; x_wconf 78' lang='lat' dir='ltr'>exigentibus.</span> <span class='ocrx_word' id='word_1_591' title='bbox 1958 2825 2064 2859; x_wconf 86' lang='lat' dir='ltr'>Inter</span> <span class='ocrx_word' id='word_1_592' title='bbox 2079 2829 2215 2858; x_wconf 81' lang='lat' dir='ltr'>caetera</span> <span class='ocrx_word' id='word_1_593' title='bbox 2235 2820 2375 2871; x_wconf 88' lang='lat' dir='ltr'>quibus</span> <span class='ocrx_word' id='word_1_594' title='bbox 2392 2831 2457 2857; x_wconf 85' lang='lat' dir='ltr'>an-</span> 
     </span>
     <span class='ocr_line' id='line_1_84' title="bbox 1458 2877 2472 2932; baseline -0.002 -16"><span class='ocrx_word' id='word_1_595' title='bbox 1458 2893 1539 2929; x_wconf 75' lang='lat' dir='ltr'>gor,</span> <span class='ocrx_word' id='word_1_596' title='bbox 1568 2880 1826 2930; x_wconf 77' lang='lat' dir='ltr'>suffraganeos</span> <span class='ocrx_word' id='word_1_597' title='bbox 1861 2881 1991 2932; x_wconf 88' lang='lat' dir='ltr'>accepi</span> <span class='ocrx_word' id='word_1_598' title='bbox 2016 2881 2179 2931; x_wconf 87' lang='lat' dir='ltr'>juvenes</span> <span class='ocrx_word' id='word_1_599' title='bbox 2208 2890 2247 2918; x_wconf 86' lang='lat' dir='ltr'>et</span> <span class='ocrx_word' id='word_1_600' title='bbox 2273 2877 2472 2918; x_wconf 74' lang='lat' dir='ltr'>nobiles‘.·</span> 
     </span>
     <span class='ocr_line' id='line_1_85' title="bbox 1458 2936 2457 2988; baseline -0.001 -12"><span class='ocrx_word' id='word_1_601' title='bbox 1458 2938 1665 2988; x_wconf 84' lang='lat' dir='ltr'>Adjutores</span> <span class='ocrx_word' id='word_1_602' title='bbox 1699 2953 1779 2977; x_wconf 85' lang='lat' dir='ltr'>esse</span> <span class='ocrx_word' id='word_1_603' title='bbox 1810 2940 2021 2987; x_wconf 88' lang='lat' dir='ltr'>deberent,</span> <span class='ocrx_word' id='word_1_604' title='bbox 2053 2949 2091 2978; x_wconf 92' lang='lat' dir='ltr'>et</span> <span class='ocrx_word' id='word_1_605' title='bbox 2115 2941 2262 2978; x_wconf 89' lang='lat' dir='ltr'>utinam</span> <span class='ocrx_word' id='word_1_606' title='bbox 2289 2952 2368 2978; x_wconf 89' lang='lat' dir='ltr'>non</span> <span class='ocrx_word' id='word_1_607' title='bbox 2392 2936 2457 2976; x_wconf 84' lang='lat' dir='ltr'>ad-</span> 
     </span>
     <span class='ocr_line' id='line_1_86' title="bbox 1457 2998 2470 3052; baseline -0.001 -16"><span class='ocrx_word' id='word_1_608' title='bbox 1457 3009 1713 3037; x_wconf 86' lang='lat' dir='ltr'>versarentur.</span> <span class='ocrx_word' id='word_1_609' title='bbox 1737 3000 1809 3039; x_wconf 90' lang='lat' dir='ltr'>Sed</span> <span class='ocrx_word' id='word_1_610' title='bbox 1831 3001 2063 3052; x_wconf 87' lang='lat' dir='ltr'>supersedeo</span> <span class='ocrx_word' id='word_1_611' title='bbox 2085 3016 2093 3039; x_wconf 88' lang='lat'>:</span> <span class='ocrx_word' id='word_1_612' title='bbox 2114 3014 2184 3052; x_wconf 89' lang='lat' dir='ltr'>per</span> <span class='ocrx_word' id='word_1_613' title='bbox 2203 3001 2318 3038; x_wconf 89' lang='lat' dir='ltr'>alium</span> <span class='ocrx_word' id='word_1_614' title='bbox 2339 2998 2470 3047; x_wconf 58' lang='lat' dir='ltr'>malo„</span> 
     </span>
     <span class='ocr_line' id='line_1_87' title="bbox 1455 3056 2456 3106; baseline -0.003 -10"><span class='ocrx_word' id='word_1_615' title='bbox 1455 3068 1497 3096; x_wconf 93' lang='lat' dir='ltr'>ut</span> <span class='ocrx_word' id='word_1_616' title='bbox 1518 3060 1759 3098; x_wconf 84' lang='lat' dir='ltr'>innotescant</span> <span class='ocrx_word' id='word_1_617' title='bbox 1775 3060 1886 3099; x_wconf 82' lang='lat' dir='ltr'>vobis</span> <span class='ocrx_word' id='word_1_618' title='bbox 1907 3074 2034 3099; x_wconf 91' lang='lat' dir='ltr'>mores</span> <span class='ocrx_word' id='word_1_619' title='bbox 2054 3074 2189 3099; x_wconf 87' lang='lat' dir='ltr'>eorum</span> <span class='ocrx_word' id='word_1_620' title='bbox 2211 3069 2250 3098; x_wconf 91' lang='lat' dir='ltr'>et</span> <span class='ocrx_word' id='word_1_621' title='bbox 2271 3058 2412 3106; x_wconf 86' lang='lat' dir='ltr'>studia,</span> <span class='ocrx_word' id='word_1_622' title='bbox 2427 3056 2456 3094; x_wconf 88' lang='lat' dir='ltr'>si</span> 
     </span>
    </p>
   </div>
   <div class='ocr_carea' id='block_1_24' title="bbox 434 3175 2141 3228">
    <p class='ocr_par' dir='ltr' id='par_1_25' title="bbox 434 3175 2141 3228">
     <span class='ocr_line' id='line_1_88' title="bbox 434 3175 2141 3228; baseline 0.009 -23"><span class='ocrx_word' id='word_1_623' title='bbox 434 3180 442 3195; x_wconf 89' lang='lat'><em>¹</em></span> <span class='ocrx_word' id='word_1_624' title='bbox 461 3175 542 3206; x_wconf 85' lang='lat' dir='ltr'>Psal.</span> <span class='ocrx_word' id='word_1_625' title='bbox 568 3186 668 3211; x_wconf 74' lang='lat' dir='ltr'>xxvi,</span> <span class='ocrx_word' id='word_1_626' title='bbox 689 3178 719 3206; x_wconf 84' lang='grc'>3.</span> <span class='ocrx_word' id='word_1_627' title='bbox 734 3195 778 3199; x_wconf 79' lang='lat'>—</span> <span class='ocrx_word' id='word_1_628' title='bbox 813 3180 1052 3218; x_wconf 62' lang='lat' dir='ltr'>211C01nxu,</span> <span class='ocrx_word' id='word_1_629' title='bbox 1078 3184 1128 3213; x_wconf 91' lang='grc'>10.</span> <span class='ocrx_word' id='word_1_630' title='bbox 1146 3201 1191 3205; x_wconf 81' lang='lat'><strong>—</strong></span> <span class='ocrx_word' id='word_1_631' title='bbox 1212 3181 1225 3205; x_wconf 86' lang='lat'>3</span> <span class='ocrx_word' id='word_1_632' title='bbox 1242 3187 1336 3217; x_wconf 86' lang='lat' dir='ltr'>Prov.</span> <span class='ocrx_word' id='word_1_633' title='bbox 1357 3198 1390 3225; x_wconf 88' lang='lat'>1,</span> <span class='ocrx_word' id='word_1_634' title='bbox 1410 3190 1464 3219; x_wconf 79' lang='lat'>32.</span> <span class='ocrx_word' id='word_1_635' title='bbox 1486 3206 1529 3210; x_wconf 89' lang='lat'>——</span> <span class='ocrx_word' id='word_1_636' title='bbox 1545 3188 1558 3214; x_wconf 69' lang='grc'>4</span> <span class='ocrx_word' id='word_1_637' title='bbox 1573 3188 1635 3220; x_wconf 83' lang='lat' dir='ltr'>Job</span> <span class='ocrx_word' id='word_1_638' title='bbox 1654 3200 1685 3226; x_wconf 80' lang='lat' dir='ltr'>v,</span> <span class='ocrx_word' id='word_1_639' title='bbox 1707 3192 1738 3220; x_wconf 80' lang='lat'>3.</span> <span class='ocrx_word' id='word_1_640' title='bbox 1760 3207 1803 3212; x_wconf 79' lang='lat'>-—</span> <span class='ocrx_word' id='word_1_641' title='bbox 1818 3187 1832 3211; x_wconf 85' lang='lat'><strong>5</strong></span> <span class='ocrx_word' id='word_1_642' title='bbox 1847 3189 1930 3221; x_wconf 79' lang='lat' dir='ltr'>Psal.</span> <span class='ocrx_word' id='word_1_643' title='bbox 1949 3200 2030 3228; x_wconf 76' lang='lat' dir='ltr'>xix,</span> <span class='ocrx_word' id='word_1_644' title='bbox 2052 3192 2091 3227; x_wconf 83' lang='lat'>8,</span> <span class='ocrx_word' id='word_1_645' title='bbox 2109 3192 2141 3221; x_wconf 89' lang='grc'>9.</span> 
     </span>
    </p>
   </div>
   <div class='ocr_carea' id='block_1_25' title="bbox 427 3234 1404 3285">
    <p class='ocr_par' dir='ltr' id='par_1_26' title="bbox 427 3234 1404 3285">
     <span class='ocr_line' id='line_1_89' title="bbox 427 3234 1404 3285; baseline 0.013 -21"><span class='ocrx_word' id='word_1_646' title='bbox 427 3238 440 3251; x_wconf 75' lang='grc'><em>“</em></span> <span class='ocrx_word' id='word_1_647' title='bbox 457 3236 504 3265; x_wconf 86' lang='lat' dir='ltr'>Dc</span> <span class='ocrx_word' id='word_1_648' title='bbox 517 3244 554 3265; x_wconf 84' lang='lat' dir='ltr'>eo</span> <span class='ocrx_word' id='word_1_649' title='bbox 568 3234 638 3265; x_wconf 73' lang='lat' dir='ltr'>vide</span> <span class='ocrx_word' id='word_1_650' title='bbox 655 3234 768 3266; x_wconf 84' lang='lat' dir='ltr'>librum</span> <span class='ocrx_word' id='word_1_651' title='bbox 784 3239 801 3267; x_wconf 70' lang='lat'><strong>4</strong></span> <span class='ocrx_word' id='word_1_652' title='bbox 818 3237 899 3267; x_wconf 69' lang='lat' dir='ltr'>vitm</span> <span class='ocrx_word' id='word_1_653' title='bbox 913 3240 944 3269; x_wconf 84' lang='lat' dir='ltr'>S.</span> <span class='ocrx_word' id='word_1_654' title='bbox 969 3241 1134 3279; x_wconf 80' lang='lat' dir='ltr'>Bcrnardi,</span> <span class='ocrx_word' id='word_1_655' title='bbox 1155 3253 1222 3285; x_wconf 84' lang='lat' dir='ltr'>cap.</span> <span class='ocrx_word' id='word_1_656' title='bbox 1243 3248 1273 3282; x_wconf 80' lang='lat'>5,</span> <span class='ocrx_word' id='word_1_657' title='bbox 1294 3255 1326 3275; x_wconf 93' lang='lat' dir='ltr'>n.</span> <span class='ocrx_word' id='word_1_658' title='bbox 1349 3249 1404 3277; x_wconf 80' lang='grc'>31.</span> 
     </span>
    </p>
   </div>
   <div class='ocr_carea' id='block_1_26' title="bbox 428 3285 2316 3345">
    <p class='ocr_par' dir='ltr' id='par_1_27' title="bbox 428 3285 2316 3345">
     <span class='ocr_line' id='line_1_90' title="bbox 428 3285 2316 3345; baseline 0.009 -28"><span class='ocrx_word' id='word_1_659' title='bbox 428 3287 443 3307; x_wconf 75' lang='lat'>¹³</span> <span class='ocrx_word' id='word_1_660' title='bbox 460 3288 535 3317; x_wconf 74' lang='lat' dir='ltr'>liaec</span> <span class='ocrx_word' id='word_1_661' title='bbox 548 3285 587 3317; x_wconf 84' lang='lat' dir='ltr'>de</span> <span class='ocrx_word' id='word_1_662' title='bbox 606 3287 718 3328; x_wconf 78' lang='lat' dir='ltr'>Apulia</span> <span class='ocrx_word' id='word_1_663' title='bbox 731 3294 821 3329; x_wconf 81' lang='lat' dir='ltr'>capta</span> <span class='ocrx_word' id='word_1_664' title='bbox 841 3299 858 3320; x_wconf 90' lang='lat' dir='ltr'>a</span> <span class='ocrx_word' id='word_1_665' title='bbox 876 3290 1025 3331; x_wconf 73' lang='lat' dir='ltr'>RogeriO,</span> <span class='ocrx_word' id='word_1_666' title='bbox 1044 3304 1135 3334; x_wconf 79' lang='lat' dir='ltr'>quein</span> <span class='ocrx_word' id='word_1_667' title='bbox 1148 3294 1197 3325; x_wconf 80' lang='lat' dir='ltr'>hic</span> <span class='ocrx_word' id='word_1_668' title='bbox 1210 3302 1238 3327; x_wconf 78' lang='lat' dir='ltr'>et</span> <span class='ocrx_word' id='word_1_669' title='bbox 1257 3297 1330 3327; x_wconf 78' lang='lat' dir='ltr'>alias</span> <span class='ocrx_word' id='word_1_670' title='bbox 1350 3305 1436 3330; x_wconf 80' lang='lat' dir='ltr'>vocat</span> <span class='ocrx_word' id='word_1_671' title='bbox 1455 3306 1621 3341; x_wconf 68' lang='lat' dir='ltr'>tyrannum</span> <span class='ocrx_word' id='word_1_672' title='bbox 1636 3302 1784 3334; x_wconf 82' lang='lat' dir='ltr'>Siculum.</span> <span class='ocrx_word' id='word_1_673' title='bbox 1802 3322 1845 3325; x_wconf 94' lang='lat'>-—</span> <span class='ocrx_word' id='word_1_674' title='bbox 1858 3309 1871 3324; x_wconf 57' lang='grc' dir='ltr'>Ε</span> <span class='ocrx_word' id='word_1_675' title='bbox 1889 3302 2070 3335; x_wconf 83' lang='lat' dir='ltr'>Lotharium</span> <span class='ocrx_word' id='word_1_676' title='bbox 2087 3302 2316 3345; x_wconf 82' lang='lat' dir='ltr'>imperatorem.</span> 
     </span>
    </p>
   </div>
   <div class='ocr_carea' id='block_1_27' title="bbox 424 3339 927 3381">
    <p class='ocr_par' dir='ltr' id='par_1_28' title="bbox 424 3339 927 3381">
     <span class='ocr_line' id='line_1_91' title="bbox 424 3339 927 3381; baseline 0.006 -11"><span class='ocrx_word' id='word_1_677' title='bbox 424 3339 438 3359; x_wconf 84' lang='lat'>‘¹</span> <span class='ocrx_word' id='word_1_678' title='bbox 456 3339 577 3381; x_wconf 75' lang='lat' dir='ltr'>Scripta</span> <span class='ocrx_word' id='word_1_679' title='bbox 593 3350 675 3370; x_wconf 84' lang='lat' dir='ltr'>anno</span> <span class='ocrx_word' id='word_1_680' title='bbox 695 3339 807 3372; x_wconf 77' lang='lat' dir='ltr'>Christi</span> <span class='ocrx_word' id='word_1_681' title='bbox 831 3345 838 3372; x_wconf 92' lang='grc' dir='ltr'>Ι</span> <span class='ocrx_word' id='word_1_682' title='bbox 856 3346 927 3373; x_wconf 82' lang='grc'><strong>139.</strong></span> 
     </span>
    </p>
   </div>
   <div class='ocr_carea' id='block_1_28' title="bbox 2511 0 2516 92">
    <p class='ocr_par' dir='ltr' id='par_1_29' title="bbox 2511 0 2516 92">
     <span class='ocr_line' id='line_1_92' title="bbox 2511 0 2516 92; baseline 0 0"><span class='ocrx_word' id='word_1_683' title='bbox 2511 0 2516 92; x_wconf 78' lang='lat' dir='ltr'>l</span> 
     </span>
    </p>
   </div>
   <div class='ocr_carea' id='block_1_29' title="bbox 2512 93 2514 107">
    <p class='ocr_par' dir='ltr' id='par_1_30' title="bbox 2512 93 2514 107">
     <span class='ocr_line' id='line_1_93' title="bbox 2512 93 2514 107; baseline 0 0"><span class='ocrx_word' id='word_1_684' title='bbox 2512 93 2514 107; x_wconf 78' lang='grc'><strong>1</strong></span> 
     </span>
    </p>
   </div>
   <div class='ocr_carea' id='block_1_30' title="bbox 2510 110 2514 265">
    <p class='ocr_par' dir='ltr' id='par_1_31' title="bbox 2510 110 2514 265">
     <span class='ocr_line' id='line_1_94' title="bbox 2511 110 2514 177; baseline 0 0"><span class='ocrx_word' id='word_1_685' title='bbox 2511 110 2514 177; x_wconf 76' lang='lat' dir='ltr'>l</span> 
     </span>
     <span class='ocr_line' id='line_1_95' title="bbox 2510 190 2513 265; baseline 0 0"><span class='ocrx_word' id='word_1_686' title='bbox 2510 190 2513 265; x_wconf 75' lang='grc'><strong>1</strong></span> 
     </span>
    </p>
   </div>
  </div>
 </body>
</html>
