2517 3952
79 216 150 253 237

77 293 347 334 miseric-ordia,
385 298 421 324 et
454 288 662 337 increpabit
689 302 745 324 mc
760 302 773 332 ,·
798 291 919 324 oleum
955 297 1076 324 autem
1097 288 1110 306 ⁸

990 214 1255 249 El’lssoLAE.

2078 220 2152 255 *238
2190 214 2195 218 '

1148 289 1251 325 modi
1271 289 1382 335 odio,
1405 290 1523 339 ipsam
1543 303 1628 339 quae
1648 290 1748 339 parit
1764 290 1878 337 illud,
1895 291 1946 328 ita
1963 306 2022 328 me
2043 294 2155 331 audio

71 355 279 403 peccatoris
299 363 373 385 non
393 353 603 397 impinguet
628 357 743 395 caput
766 354 911 383 mmm'
937 363 945 384 ι
972 347 1078 397 quod
1098 354 1130 386 A
1148 350 1407 386 consolantem
1427 364 1434 386 ι
1456 351 1612 385 Necesse
1631 359 1703 394 est,
1719 350 1792 396 ait,
1814 361 1853 386 ut
1869 356 2024 387 veniam
2043 368 2154 388 scan-

76 413 140 451 ubi
165 413 276 460 longe
299 410 415 447 fecisti
436 417 526 454 ate,
555 409 710 458 <lignum
731 416 766 444 te
791 407 962 457 probasti
991 408 1077 444 oleo

77 481 114 510 et
130 473 224 509 lacte
240 479 472 507 sanctorum.

129 533 164 569 9.
192 534 372 579 Quaerant
400 528 472 566 sibi
495 527 576 577 jam
606 528 645 564 in
674 528 842 578 parvulis
872 527 1078 578 Babylonis

77 591 223 636 dulces,
254 589 318 626 scd
355 597 479 625 truces
502 596 658 631 matres,
683 587 821 636 quibus
853 588 908 624 lac
943 589 1076 625 mortis

75 650 308 699 emulgeant,
340 661 437 698 quos
464 646 611 684 blandis
638 647 829 683 mulceant
855 646 1073 693 favoribus,

75 725 118 750 ac
136 709 296 747 flammis
316 709 485 745 nutriant
505 707 758 757 sempiternis.
782 710 876 745 Nam
900 708 1076 745 Ecclesiae

74 771 248 810 alumnus
262 782 310 806 ex
325 767 510 805 uberibus
529 768 745 817 sapientiae,
775 767 880 804 lactis
910 768 1078 805 melioris

73 837 252 880 expertus
268 827 506 864 dulcedinem
523 855 532 872 ‚
549 825 628 876 jam
647 826 686 862 in
706 839 751 862 co
774 826 891 876 coepit
908 839 1077 863 crescere

72 889 113 926 in
129 888 286 926 salutem
300 901 310 932 3
324 886 402 936 jam
421 894 458 923 et
474 899 520 922 ex
537 898 582 922 eo
600 886 755 921 satiatus
769 893 916 921 eructat
933 885 1076 933 dicens,

73 949 235 984 Meliora
248 955 336 983 sunt
350 946 464 982 ubera
477 954 540 981 tua
557 950 647 981 vino
657 975 669 991 ,
678 944 900 994 fragrantia
915 939 1081 995 unguet}-

75 1013 120 1046 tis
147 1012 334 1057 optimi-5².
365 1010 412 1044 Et
442 1006 515 1042 hoc
536 1005 583 1042 ad
613 1014 784 1042 matrem.
813 1008 955 1042 Verum
988 1006 1078 1043 item

1145 411 1250 445 [lala.
1276 412 1351 446 Nec
1374 423 1452 454 me,
1476 417 1518 446 ut
1539 409 1707 455 aestimo,
1733 412 1850 459 tangit
1871 411 2029 447 omnino
2051 413 2153 461 quod

1144 469 1318 518 sequitur
1335 484 1342 505 :
1368 472 1436 505 l'ae
1452 479 1575 505 autem
1594 470 1739 505 homini
1759 473 1818 505 illi
1831 484 1906 518 per
1920 484 2026 519 quem
2044 485 2154 507 secm-

1144 531 1270 565 dalum
1303 535 1448 565 vetzicT.
1478 532 1573 567 Cum
1604 529 1706 566 enim
1735 539 1946 579 carpuntur
1973 530 2089 577 vitia,
2119 539 2157 567 et

1144 589 1232 626 inde
1249 590 1469 626 scandalum
1487 590 1630 636 oritur,
1651 590 1731 640 ipse
1750 590 1821 626 sibi
1848 589 2015 627 scandali
2041 604 2154 627 causa

1144 659 1222 695 cst,
1244 650 1309 699 qui
1337 650 1423 686 fecit
1448 649 1554 699 quod
1583 650 1689 699 argui
1713 649 1873 696 debeat,
1903 663 1982 686 non
2002 650 2065 686 ille
2088 651 2155 699 qui

1144 710 1279 759 arguit.
1300 710 1475 759 Denique
1493 722 1564 746 nec
1583 709 1731 745 cautior
1748 722 1830 746 sum
1859 710 1897 745 in
1918 707 2059 754 verbo,
2083 722 2151 746 nec

1144 769 1456 818 circumspectior
1474 769 1511 804 in
1530 781 1666 814 sensu,
1694 768 1762 804 illo
1783 768 1849 818 qui
1868 768 1919 805 ait
1947 783 1955 804 :
1985 785 2000 799 «
2017 768 2153 805 Melius

1147 848 1160 861 »
1181 837 1237 865 est
1260 837 1300 865 ut
1319 829 1536 865 scandalum
1556 829 1723 875 oriatur,
1744 842 1859 878 quam
1877 828 2015 864 veritas
2037 828 2154 864 relin-

1145 906 1159 922 ›,
1179 887 1362 938 quattu-⁸.
1395 906 1408 921 υ
1434 892 1660 938 Quanquam
1682 889 1810 925 nescio
1829 888 1921 938 quid
1948 888 2093 939 prosit,
2124 887 2153 924 si

1148 949 1252 999 quod
1267 949 1435 986 mundus
1448 950 1603 995 clamat,
1618 962 1688 999 ego
1709 957 1861 985 tacuero
1875 964 1884 995 3
1903 949 2154 997 omniumque

1147 1010 1284 1060 passim
1314 1009 1469 1046 naribus
1497 1009 1638 1059 injecto
1668 1009 1788 1046 fetore
1824 1009 1927 1046 solus
1956 1008 2154 1045 dissimulo

71 1076 240 1118 gustato,
263 1080 306 1104 ac
323 1065 487 1117 probato
510 1079 626 1115 quam
647 1066 772 1102 suavis
796 1074 852 1102 est
870 1066 1077 1113 Dominus,
1097 1076 1125 1110 B
1145 1079 1288 1121 pestem
1308 1099 1318 1116 ,
1352 1084 1422 1107 nec
1455 1069 1579 1107 audeo
1610 1083 1745 1106 nasum
1778 1077 1914 1105 contra
1947 1069 2153 1119 pessimum

72 1136 114 1165 ut
132 1141 223 1165 vere
252 1136 402 1178 patrem
430 1126 719 1172 dulcissimum,
749 1126 800 1162 ait
833 1125 878 1162 ad
912 1127 1037 1176 ipsum
1068 1142 1076 1163 :

77 1189 202 1234 Quam
215 1200 354 1235 magna
368 1188 564 1221 multitudo
579 1187 785 1220 dulcedinis
799 1194 888 1229 luce,
905 1188 1077 1231 Domine,

70 1262 183 1296 quam
213 1247 444 1283 abscondisti
465 1244 678 1280 timentibus
693 1253 728 1279 le
742 1243 775 1279 3!
796 1245 1001 1293 Impletum
1023 1253 1080 1282 est

72 1308 246 1359 profecto
261 1305 506 1342 desiderium
528 1312 716 1340 nostrum.
748 1304 847 1341 Olim
868 1305 970 1340 enim
991 1319 1079 1341 cum

71 1367 204 1404 dolens
239 1378 436 1403 cernerem
472 1372 576 1400 tanta
609 1372 645 1399 te
676 1362 855 1399 aviditate
889 1363 936 1400 de
971 1364 1080 1401 labiis

71 1426 329 1472 adulantium,
355 1424 491 1461 mortis
511 1436 657 1469 escam,
680 1423 825 1473 peccati
851 1437 986 1473 sugere
1019 1425 1079 1462 fo-

73 1488 201 1524 mitem
215 1492 250 1533 a;
271 1493 408 1536 optans
436 1483 506 1521 tibi
525 1492 562 1520 et
585 1496 762 1533 gemens,
786 1483 888 1520 intra
909 1498 968 1521 me
998 1485 1078 1521 aie-

72 1545 158 1584 bam
176 1561 184 1583 :
209 1547 301 1592 Quis
318 1545 412 1580 milti
430 1546 492 1580 det
510 1553 546 1580 te
559 1543 719 1592 fratrem
742 1558 865 1580 meum
886 1554 1077 1594 sugentem

73 1605 185 1642 ubera
199 1609 330 1641 matris
343 1618 439 1640 meoe
452 1604 493 1640 ⁴'i‘
514 1603 598 1642 Sint
610 1604 745 1653 procul
763 1617 784 1640 a
800 1611 835 1640 te
848 1602 928 1652 jam
945 1603 1077 1641 blandi

72 1679 116 1704 ac
139 1665 373 1702 fraudulenti
397 1665 616 1710 lactatores,
638 1664 704 1713 qui
721 1677 807 1700 cum
827 1664 867 1700 in
887 1664 1021 1701 faciem
1042 1674 1078 1702 te

70 1726 360 1773 benedicerent,
381 1725 535 1777 probris
561 1725 734 1762 omnium
757 1734 871 1775 atque
901 1725 1077 1764 ludibriis

71 1786 337 1837 exponebant3
367 1795 406 1823 et
431 1800 566 1823 eorum
594 1799 762 1836 praesens
791 1785 940 1834 Euge5,
974 1787 1078 1824 orbis

1145 1140 1323 1181 putorem
1346 1132 1502 1181 propria
1524 1131 1672 1181 munire
1693 1143 1821 1166 manu.

1204 1193 1262 1228 11.
1291 1190 1409 1239 Cujus
1437 1191 1540 1227 enim
1569 1203 1637 1226 cor
1665 1203 1744 1226 non
1773 1189 2017 1238 indignatur,
2047 1188 2158 1238 cujus

1147 1251 1204 1286 vel
1234 1251 1328 1286 clam
1360 1250 1487 1299 lingua
1513 1262 1591 1286 non
1612 1248 1919 1294 submurmurat,
1951 1248 2157 1285 diaconum

1147 1318 1281 1345 contra
1308 1309 1558 1358 Evangelium
1585 1311 1667 1345 Deo
1690 1316 1728 1344 et
1753 1320 1981 1344 mammonae
2013 1308 2158 1357 pariter

1147 1369 1451 1414 ministrantem,
1484 1369 1536 1405 sic
1557 1368 1701 1418 quippe
1722 1366 1969 1404 sublimatum
1996 1367 2158 1404 honori-

1147 1427 1218 1464 bus
1238 1428 1523 1474 ecclesiasticis,
1545 1435 1587 1464 ut
1614 1440 1684 1464 nec
1704 1427 1896 1476 episcopis
1919 1426 2080 1462 inferior
2098 1427 2158 1463 vi-

1147 1487 1303 1535 deatur3
1325 1489 1378 1525 sic
1407 1488 1646 1538 implicatum
1677 1486 1906 1523 militaribus
1929 1486 2086 1532 officiis,
2117 1496 2159 1523 ut

1145 1550 1372 1598 praeferatur
1389 1558 1427 1586 et
1445 1547 1636 1585 ducibus?
1652 1551 1761 1597 Rogo
1777 1547 1868 1596 quid
1885 1547 1957 1584 hoc
1975 1556 2031 1584 cst
2052 1561 2160 1584 mon-

1145 1610 1234 1655 stri,
1257 1618 1301 1645 ut
1321 1622 1409 1645 cum
1439 1617 1477 1645 et
1508 1608 1684 1654 clericus,
1709 1616 1745 1643 et
1772 1608 1878 1643 miles
1900 1608 2011 1644 simul
2037 1608 2160 1645 videri

1144 1669 1255 1715 velit,
1275 1678 1455 1706 neutrum
1471 1669 1519 1705 sit
1530 1670 1572 1704 *?
1588 1672 1660 1705 Par
1676 1669 1765 1704 satis
1784 1667 1988 1716 utrobique
2003 1666 2136 1705 abusio
2149 1698 2158 1714 ,

1144 1730 1224 1766 sive
1242 1730 1347 1780 quod
1369 1730 1550 1767 diaconus
1569 1742 1710 1766 mensae
1731 1729 1843 1778 regiae
1864 1728 2071 1778 deputetur
2091 1730 2160 1766 mi-

1145 1791 1301 1827 nisterio
1325 1820 1336 1836 ,
1373 1791 1452 1827 six-e
1485 1790 1588 1839 quod
1631 1789 1745 1838 Regis
1782 1788 1930 1838 dapifer
1968 1790 2159 1837 mysteriis

72 1845 140 1884 tibi
159 1846 324 1884 fabulam
345 1845 541 1897 pariebat,
562 1846 641 1883 imo
660 1855 694 1882 te
715 1845 882 1883 fabulam
910 1847 1008 1883 orbi.
1042 1848 1080 1886 Si
1100 1851 1128 1888 C
1147 1851 1275 1888 altaris
1292 1851 1483 1888 inserviat.
1507 1851 1600 1898 Quis,
1620 1862 1710 1886 sane
1728 1861 1807 1885 non
1824 1849 2005 1894 miretur,
2027 1848 2104 1885 imo
2123 1857 2160 1885 et

74 1907 270 1944 mussitant
295 1907 408 1944 etiam
438 1920 540 1943 nunc
556 1935 566 1952 ,
599 1906 715 1943 dicito
742 1907 814 1943 illis
841 1921 848 1943 :
882 1908 922 1943 Si
952 1909 1077 1944 adhuc

70 1967 176 2004 vobis
187 1970 400 2016 placerem,
425 1968 560 2003 Christi
573 1980 697 2003 servus
714 1981 789 2003 non
807 1981 921 2004 essem
935 1966 963 2004 ⁶.
983 1969 1077 2016 Qui-

72 2027 142 2064 bus
160 2027 201 2064 in
220 2028 327 2064 malis
348 2027 581 2077 placuimus,
603 2040 710 2077 aeque
735 2036 773 2064 et
793 2027 832 2064 in
852 2027 964 2065 honis
990 2029 1076 2079 pla-

70 2101 154 2125 cere
175 2101 254 2125 non
285 2101 490 2138 possumus
513 2088 616 2124 :nisi
646 2088 743 2125 forte
775 2089 933 2134 mutati,
970 2090 1077 2139 prius

69 2149 251 2198 incipiant
271 2157 309 2184 et
327 2148 402 2198 ipsi
418 2147 542 2185 odisse
559 2148 664 2196 quod
686 2148 826 2185 suimus
840 2177 850 2194 ,
868 2157 906 2185 et
931 2149 983 2185 sic
1011 2148 1076 2186 de-

71 2221 174 2246 mum
191 2208 297 2259 quod
316 2221 447 2245 sumus
467 2208 635 2258 diligere.

127 2268 184 2306 10.
217 2271 312 2306 Duae
340 2269 480 2305 nostris
508 2267 748 2318 temporibus
782 2276 877 2305 ortae
909 2278 999 2306 sunt
1036 2271 1075 2307 in

72 2328 236 2366 Ecclesia
260 2341 372 2365 novae
395 2337 434 2365 et
456 2328 698 2365 exsecrandae
725 2331 1049 2379 praesumptiones
1063 2360 1074 2378 ,

70 2400 230 2438 quarum
254 2401 332 2424 una
357 2387 425 2439 (ut
443 2401 537 2438 pace
564 2396 628 2425 tua
656 2389 977 2440 commemorem)
1012 2399 1075 2427 tua

71 2455 127 2485 est
150 2448 213 2485 illa
231 2448 402 2498 pristinae
424 2448 727 2485 conversationis
758 2448 974 2486 insolentia.
1003 2450 1076 2488 Sed

71 2507 149 2545 haec
163 2517 317 2545 auctore
332 2511 414 2545 Deo
431 2508 634 2545 emendata
647 2516 724 2554 est,
739 2508 814 2558 ipsi
832 2509 879 2545 ad
897 2510 1076 2559 gloriam,

72 2567 140 2606 tibi
155 2568 202 2605 ad
219 2582 402 2605 coronam
417 2597 428 2614 ,
456 2568 503 2605 ad
529 2569 709 2618 gaudium
731 2568 843 2606 nobis
858 2597 868 2614 ,
895 2569 1076 2607 omnihus

1145 1911 1353 1947 detestetur
1372 1940 1381 1956 ‚
1414 1911 1527 1947 unius
1557 1922 1637 1945 esse
1669 1921 1865 1958 pe1·sonae,
1902 1916 1938 1943 et
1969 1916 2158 1944 armatum

1143 1980 1327 2008 armatam
1354 1970 1492 2008 ducere
1512 1969 1706 2014 militiam,
1731 1977 1768 2004 et
1789 1967 1874 2004 alba
1903 1968 2076 2016 stolaque
2097 1968 2159 2004 in-

1144 2031 1279 2068 dutum
1293 2060 1302 2077 ,
1326 2031 1364 2067 in
1382 2030 1509 2067 medio
1532 2030 1697 2066 ecclesiae
1716 2028 1967 2078 pronuntiare
1988 2031 2160 2077 Evange-

1145 2092 1260 2137 lium;
1287 2089 1381 2127 tuba
1400 2090 1568 2126 indicere
1587 2088 1732 2125 bellum
1754 2087 1943 2124 militibus
1957 2116 1966 2133 ,
1994 2096 2031 2123 et
2050 2087 2157 2136 jussa

1143 2149 1317 2199 episcopi
1338 2148 1492 2198 populis
1511 2147 1714 2183 intimare?
1733 2146 1812 2183 Nisi
1834 2147 1931 2182 forte
1953 2146 2082 2196 &quod
2102 2147 2157 2183 in-

1144 2209 1380 2246 tolerabilius
1400 2208 1480 2259 est)
1501 2206 1692 2245 erubescit
1708 2206 1957 2255 Evangelium
1974 2234 1982 2250 ,
2007 2205 2053 2242 de
2076 2220 2154 2255 quo

1142 2273 1216 2306 Vas
1236 2269 1433 2305 electionis
1449 2267 1657 2304 admodum
1677 2266 1910 2315 gloriatui-93
1933 2273 1969 2301 et
1990 2266 2155 2302 consun—

1144 2328 1248 2365 ditur
1261 2328 1383 2365 videri
1397 2327 1576 2372 clericus,
1596 2326 1791 2374 magisque
1808 2324 2032 2361 honorabile
2052 2325 2156 2362 ducit

1142 2388 1270 2438 putari
1289 2401 1328 2424 se
1352 2387 1514 2423 militem
1542 2401 1549 2422 :
1581 2386 1726 2422 curiam
1757 2384 1934 2420 Ecclesiae
1967 2385 2123 2434 praesert
2141 2414 2151 2431 ,

1142 2449 1255 2497 Regis
1283 2460 1454 2484 mensam
1480 2446 1588 2482 altari
1609 2444 1768 2490 Christi,
1800 2453 1837 2480 et
1865 2444 1972 2480 calici
1997 2446 2152 2481 Domini

1143 2509 1298 2545 calicem
1321 2507 1613 2544 daemoniorum.
1642 2504 1755 2553 Quod
1787 2504 1900 2553 plane
1931 2503 2151 2541 credibilius

1143 2582 1190 2606 ex
1210 2582 1256 2606 eo
1280 2568 1451 2614 videtur,
1475 2567 1565 2616 quia
1585 2578 1672 2602 cum
1689 2565 1857 2600 honores
1878 2577 1957 2600 non
1977 2577 2121 2613 paucos
2136 2593 2146 2609 ‚

72 2626 119 2664 ad
140 2628 370 2678 exemplum.
391 2631 519 2665 Potest
538 2628 650 2664 etiam
669 2628 791 2664 facere
811 2631 935 2675 Deus,
958 2638 999 2665 ut
1017 2629 1072 2665 ci-
1091 2635 1125 2669 D
1142 2629 1208 2666 sed
1229 2638 1392 2679 quantos
1414 2641 1484 2665 nec
1505 2639 1671 2664 canones
1696 2625 1768 2661 nisi
1788 2625 1898 2660 inviti
1918 2626 2120 2674 patiuntur
2137 2653 2147 2671 ,

73 2687 142 2725 tius
177 2697 215 2725 et
240 2702 355 2739 super
387 2689 506 2726 altera
540 2689 797 2726 consolemur.
829 2693 951 2738 Quam
982 2703 1074 2727 sane

70 2746 238 2785 odiosam
253 2748 462 2785 admodum
477 2749 685 2786 novitatem
699 2758 738 2786 et
751 2762 886 2786 vereor
899 2751 1074 2800 proferre

71 2807 110 2844 in
136 2807 302 2845 medium
328 2837 338 2855 ,
375 2817 414 2845 et
444 2809 735 2858 praetermittere
770 2823 922 2859 gravor.
954 2814 1073 2860 [rget

71 2866 210 2917 quippe
224 2868 392 2917 linguam
409 2868 450 2904 in
467 2867 584 2904 verba
602 2867 714 2905 dolor
725 2897 735 2915 ‚
757 2868 821 2905 sed
840 2871 954 2906 timor
970 2871 1070 2920 ligat.

73 2926 199 2964 Timor
221 2927 427 2974 duntaxat,
448 2942 496 2965 ne
517 2941 631 2978 quem
658 2928 872 2976 offendam,
896 2930 925 2967 si
949 2932 1075 2980 palam

74 2985 215 3034 fecero,
230 2988 336 3038 quod
351 3002 412 3026 me
429 2998 561 3027 movet
574 3019 583 3037 ‚
607 2991 791 3040 quoniam
815 2991 955 3028 veritas
976 3005 1076 3028 non-

72 3059 262 3098 nunquam
285 3049 417 3087 odium
437 3051 550 3101 parit.
571 3054 842 3088 Verumtamen
872 3051 918 3088 de
938 3051 1075 3101 hujus-

1141 2698 1266 2726 teneat
1296 2689 1335 2725 in
1365 2687 1551 2733 Ecclesia;
1580 2686 1693 2723 unius
1720 2693 1864 2730 tamen,
1891 2697 2005 2733 quem
2039 2694 2076 2721 et
2111 2685 2150 2721 in

1141 2749 1282 2800 palatio
1297 2756 1489 2785 assecutus
1502 2755 1578 2791 est,
1597 2746 1715 2795 magis
1728 2774 1737 2791 ‚
1760 2753 1800 2781 ut
1815 2744 1942 2789 aiunt,
1965 2744 2151 2793 gloriatur

1141 2824 1188 2847 ex
1209 2809 1385 2855 nomine,
1403 2821 1519 2858 quam
1540 2815 1766 2843 caeterorum
1785 2804 1957 2854 quolibet
1977 2806 2149 2854 appella-

1141 2871 1185 2907 ri.
1207 2873 1380 2919 Cumque
1398 2869 1445 2905 sit
1462 2867 1772 2911 archidiaconus,
1791 2865 1977 2911 decanus,
1998 2878 2148 2915 praepo·

1142 2930 1311 2979 situsque
1325 2928 1366 2964 in
1381 2927 1540 2964 diversis
1553 2925 1748 2971 Ecclesiis3
1765 2924 1857 2960 nihil
1870 2924 2010 2960 horum
2022 2932 2148 2961 tamen

1143 3001 1217 3029 tam
1236 3003 1322 3027 eum
1339 3018 1348 3036 ‚
1371 3001 1485 3038 quam
1505 2987 1620 3037 Regis
1640 2986 1802 3023 delectat
1820 2984 1981 3021 vocitari
2000 2984 2148 3034 dapife-

1144 3064 1242 3088 rum.
1269 3052 1300 3087 Ο
1321 3061 1422 3085 nova
1445 3056 1484 3084 et
1507 3060 1621 3085 exosa
1648 3045 1901 3097 perversitas!
1930 3045 2031 3081 itane
2060 3045 2146 3094 plus

119 3187 129 3204 ¹
150 3184 230 3215 Psal.
247 3196 320 3222 exn,
340 3189 373 3217 5.
392 3204 439 3209 —
459 3192 472 3207 ²
493 3187 614 3219 cantic.
632 3198 665 3225 1,
688 3190 726 3225 1,
745 3191 774 3219 2.
790 3205 834 3210 -—
855 3185 869 3208 3
888 3189 970 3219 Psal.
986 3200 1066 3227 xxx,
1087 3192 1143 3221 20,
1159 3205 1204 3211 —
1220 3187 1235 3214 4'
1250 3186 1369 3220 Cantic.
1383 3197 1465 3223 vm,
1488 3189 1519 3217 l.
1537 3203 1584 3209 —
1601 3183 1710 3216 ⁵Psa1.
1727 3195 1840 3222 xxxxv,
1860 3187 1916 3215 21.
1938 3202 1983 3206 —-
2005 3181 2019 3204 ὁ
2039 3184 2142 3214 Galat.

72 3245 102 3273 1,
123 3237 175 3267 10.
191 3255 235 3260 —-
252 3244 265 3268 7
279 3239 395 3270 Matth.
410 3250 507 3277 xvxu,
526 3243 557 3271 7.
575 3258 621 3262 ——
639 3240 652 3263 8
670 3243 702 3272 S.
722 3243 817 3283 Greg.
836 3244 946 3283 Magn.
962 3244 1057 3274 Hom.
1075 3245 1090 3274 7
1117 3243 1148 3273 in
1162 3240 1274 3273 Ezech.
1293 3240 1387 3282 paulo
1403 3245 1474 3282 post
1489 3239 1558 3270 init.
1581 3245 1611 3270 et
1627 3241 1660 3270 S.
1676 3242 1759 3281 Aug.
1776 3237 1814 3268 de
1830 3237 1899 3269 Lib.
1919 3236 2039 3268 Arbitr.
2061 3242 2090 3267 et
2109 3236 2148 3266 de

72 3288 216 3321 Praedest.
237 3298 426 3323 sanctorum.
447 3312 493 3317 —-
506 3299 522 3323 9
538 3296 634 3324 Rom.
654 3305 685 3331 1,
705 3297 743 3325 16
759 3306 766 3332 ;
786 3297 816 3325 II
833 3295 903 3326 Tim
921 3307 933 3325 1
946 3319 953 3332 ,
975 3300 1006 3332 8,
1023 3303 1081 3327 etc.

118 3359 133 3376 ³
148 3355 268 3388 Alludit
283 3358 460 3390 Bernardus
475 3358 618 3392 hocloco
638 3360 678 3391 ad
697 3360 815 3402 Sugerii
829 3372 955 3392 nomen.
