2533 3920
336 263 412 300 ‘243

329 343 456 392 justa,
486 339 744 390 indignatione
775 337 985 384 debrietur,
1007 345 1194 387 quatenus
1215 334 1341 372 domi-
1358 332 1371 350 ⁸

1106 260 1142 295 S.
1173 256 1426 293 BERRARDI
1455 256 1656 290 ABBATIS

1378 332 1654 382 ⁴parvitatem,
1685 329 1852 379 primum
1888 327 2045 377 quidem
2074 342 2150 365 non
2184 331 2419 381 respondere

2344 255 2417 294 244

338 403 411 439 nici
422 401 521 438 illius
535 399 716 450 praecepti
730 396 997 442 obliviscatur;
1016 409 1093 445 quo
1111 394 1341 446 percutienti
1357 393 1390 427 A
1408 400 1612 428 statueram
1636 404 1644 425 :
1665 402 1741 425 non
1763 387 1866 437 quod
1887 387 2138 425 dubitaverim
2157 390 2248 439 quid
2264 403 2421 440 respon-

338 477 452 500 unam
471 461 661 498 maxillam
675 489 684 506 ,
702 457 875 509 praebere
889 456 1073 506 jubemur
1090 464 1127 492 et
1143 456 1301 492 alteram
1316 461 1340 490 ¹.

545 580 914 592 =sv===v=nz=====s=========1

488 680 863 739 EPISTOLA
905 675 1198 735 LXXXI?

430 830 475 852 AD
506 827 708 851 GERARDL'M
737 826 903 848 ABBATEM
934 823 1212 848 PULTARIENSEM
1227 809 1254 846 *.

918 577 1345 589 nssmmszzzuxs==s=v======s=¹===

458 939 572 978 Purgat
593 946 626 966 se
647 933 794 965 adversus
810 933 949 974 iniquam
966 931 1225 963 criminationem.

391 1049 589 1098 Scripsisse
612 1060 671 1083 me
695 1045 837 1095 aliquid
858 1045 905 1081 ad
929 1044 1108 1080 comitem
1128 1044 1344 1081 Nivernen-

339 1123 421 1147 sem
449 1109 486 1145 in
517 1117 589 1144 tuae
607 1118 780 1155 personae
801 1104 1080 1141 accusationem
1094 1132 1103 1149 ,
1128 1116 1198 1139 nec
1216 1115 1345 1139 recor-
1365 1101 1393 1135 B

341 1170 430 1215 dor,
465 1181 534 1204 nec
564 1179 698 1203 verum
720 1173 786 1202 est.
820 1168 1007 1202 Caeterum
1034 1164 1063 1200 si
1092 1177 1164 1213 pro
1193 1162 1350 1199 eeclesia

343 1239 407 1266 tua
432 1228 478 1265 ad
506 1226 682 1264 eumdem
716 1226 931 1276 principem
959 1225 1102 1261 litteras
1138 1224 1248 1270 misi3
1277 1223 1351 1259 hoc

347 1302 424 1326 non
441 1288 643 1324 adversum
658 1295 694 1322 te
706 1315 715 1332 ‚
734 1286 796 1323 sed
816 1299 887 1336 pro
907 1294 942 1321 te
958 1284 1076 1334 egisse
1093 1297 1152 1320 me
1170 1282 1348 1320 arbitror.

341 1348 535 1398 Siquidem
558 1346 754 1383 audieram
786 1346 911 1396 ipsum
943 1353 1009 1381 tuo
1032 1352 1069 1380 et
1102 1356 1280 1387 assensu,
1315 1350 1352 1378 et

345 1409 504 1446 consilio
524 1407 770 1458 proposuisse
790 1406 920 1442 venire
942 1405 990 1442 ad
1008 1404 1237 1441 visitandum
1261 1416 1350 1450 vos3

343 1469 390 1506 ad
411 1468 654 1520 probandum
688 1467 734 1503 de
764 1467 876 1503 tantis
907 1466 1014 1502 malis
1044 1479 1128 1515 quae
1159 1464 1205 1502 de
1236 1464 1352 1501 domo

343 1538 468 1567 vestra
487 1527 801 1577 divulgabantur,
820 1540 867 1563 an
884 1540 974 1563 vera
991 1534 1138 1570 essent,
1159 1533 1223 1561 aut
1244 1523 1352 1573 cujus

344 1590 456 1638 culpa
473 1596 598 1625 essent
614 1602 621 1623 :
642 1595 683 1623 ut
701 1585 803 1636 quod
824 1586 921 1622 forte
939 1585 1132 1622 sinistrum
1152 1585 1350 1634 reperiret,

345 1649 486 1686 ibidem
504 1647 586 1696 ejus
611 1655 648 1683 et
668 1647 794 1683 studio
808 1655 845 1682 et
871 1645 1127 1682 sollicitudine
1144 1645 1356 1693 corrigere-

345 1708 439 1746 turb.
460 1709 576 1757 Cujus
594 1706 824 1756 tamjustum
842 1715 969 1743 ettam
985 1706 1090 1756 pium
1112 1705 1354 1755 propositum

342 1770 373 1806 si
397 1769 553 1805 hortatu
577 1775 708 1804 nostro
737 1766 921 1803 roborare
951 1766 1102 1812 euravi3
1124 1773 1246 1802 curte
1266 1763 1354 1801 inde

343 1830 472 1865 laesum
490 1827 577 1877 jure
598 1826 866 1876 conqueraris,
890 1839 968 1862 non
989 1825 1114 1862 video.
1133 1828 1232 1862 Puto
1253 1824 1355 1861 enim

1410 452 1498 488 dere
1520 449 1721 495 deberem,
1748 448 1813 485 sed
1833 448 1920 498 quia
1942 449 2024 485 viro
2046 450 2193 486 consilii
2219 451 2421 488 consilium

1411 512 1501 548 dare
1526 519 1591 547 aut
1611 518 1958 560 praesumptuosum
1983 508 2226 558 judicabam,
2259 519 2324 547 aut
2355 524 2421 548 su-

1412 571 1617 622 perfluum.
1649 573 1835 608 Caeterum
1869 569 2039 618 cogitans
2066 569 2170 618 quod
2210 570 2422 619 plerisque,

1412 632 1490 667 imo
1515 630 1660 667 cunctis
1687 643 1785 679 pene
1808 629 2030 679 contingere
2051 629 2286 679 sapientibus
2305 630 2422 678 solet,

1413 691 1452 726 in
1473 689 1586 726 rebus
1606 689 1782 725 videlicet
1808 687 1932 725 dubiis
1961 689 2047 738 plus
2066 689 2191 726 alieno
2217 702 2280 735 se,
2309 703 2424 740 quam

1413 750 1572 800 proprio
1602 750 1757 786 credere
1782 748 1949 798 judicio3
1969 757 2006 786 et
2038 750 2104 798 qui
2127 749 2290 786 aliorum
2318 750 2425 788 facile

1414 809 1590 860 ambigua
1620 823 1783 860 quaeque
1814 809 2029 856 elucidant,
2051 810 2092 846 in
2112 809 2190 846 suis
2210 823 2426 848 consueve-

1414 878 1504 905 runt
1535 869 1798 919 scrupulosius
1827 869 1998 906 haesitare
2029 878 2244 906 :statutum
2265 883 2365 916 non,
2384 880 2427 908 ut
2455 915 2460 919 ν

1414 928 1599 976 arbitror,
1620 929 1932 966 irrationabiliter
1953 930 2105 979 frango,
2124 930 2190 967 sed
2205 931 2428 982 simpliciter

1414 988 1543 1037 pando
1570 989 1675 1037 quod
1696 989 1819 1025 visum
1843 998 1900 1026 est
1928 990 2044 1036 mihi,
2066 1003 2144 1027 non
2173 990 2428 1040 praejudicans

1415 1049 1541 1085 sanius
1557 1048 1733 1098 sapienti.
1748 1048 1974 1097 Significasti
1992 1049 2105 1096 mihi,
2120 1050 2193 1087 nisi
2209 1051 2320 1088 fallor
2331 1080 2341 1097 ‚
2358 1064 2428 1101 per

1415 1108 1540 1144 virum
1569 1109 1787 1157 religiosum
1818 1112 1959 1146 Ursum
1987 1108 2162 1146 abbatem
2184 1111 2430 1148 Sancti-Dio-

1417 1168 1515 1217 nysii
1535 1170 1564 1215 *‚
1586 1168 1736 1218 suggeri
1764 1168 1832 1205 tibi
1864 1182 1885 1205 a
1912 1168 2207 1218 cogitationibus
2238 1170 2331 1217 tuis,
2360 1170 2430 1207 de-

1417 1241 1542 1264 serere
1573 1229 1754 1278 patriam‚
1783 1229 2039 1279 domumque,
2068 1231 2129 1266 eui
2159 1233 2241 1267 Deo
2272 1239 2430 1267 auctore

1417 1301 1557 1338 praees3
1580 1297 1615 1325 et
1642 1302 1800 1339 pergere
1825 1290 2125 1339 Jerosolymam,
2150 1303 2283 1326 vacare
2322 1290 2431 1327 dein-

1419 1360 1508 1397 ceps
1528 1350 1631 1393 Deo,
1659 1348 1788 1385 vivere
1810 1348 1891 1387 tibi.
1920 1352 1966 1385 Et
1999 1349 2154 1398 quidem
2184 1348 2356 1386 tendenti
2383 1349 2432 1386 ad

1418 1408 1693 1458 perfectionem
1708 1436 1717 1453 ‚
1741 1408 1902 1459 patriam
1929 1409 2146 1459 relinquere
2172 1409 2342 1446 fortassis
2363 1423 2432 1446 ex-

1418 1469 1567 1518 pediat,
1602 1469 1750 1506 dicente
1784 1473 1886 1515 Deo,
1915 1473 1995 1506 Exi
2028 1473 2074 1505 de
2104 1479 2205 1506 terra
2232 1479 2297 1506 tua
2326 1479 2362 1506 et
2387 1472 2434 1506 de

1419 1534 1642 1578 cognatione
1663 1539 1728 1564 [αα
1751 1536 1763 1550 2
1789 1544 1796 1565 :
1828 1529 1894 1566 sed
1919 1543 1993 1579 qua
2014 1529 2162 1566 ratione
2196 1543 2327 1567 curam
2365 1529 2432 1567 tibi

1422 1589 1604 1626 creditam
1633 1589 1846 1626 animarum
1877 1603 2071 1639 exponere
2091 1589 2252 1636 debeas,
2273 1590 2434 1627 omnino

1421 1664 1501 1686 non
1519 1650 1646 1687 video.
1664 1650 1765 1698 Quid
1782 1651 1911 1687 enim?
1930 1650 2128 1687 blanditur
2150 1650 2332 1700 depositae
2351 1664 2433 1688 sar-

1422 1710 1516 1746 cinae
1539 1709 1716 1747 libertas?
1733 1710 1805 1748 Sed
1823 1710 1985 1747 charitas
2007 1724 2085 1747 non
2107 1711 2245 1760 quaerit
2261 1724 2346 1760 quae
2368 1724 2434 1748 sua

1422 1779 1520 1807 sunt.
1543 1774 1657 1808 Forte
1678 1771 1816 1820 quietis
1837 1779 2023 1821 provocat
2043 1779 2081 1807 et
2107 1771 2175 1807 otii
2194 1779 2326 1820 gustus
2346 1784 2436 1808 sua-

1421 1831 1529 1867 vior?
1549 1830 1621 1868 Sed
1649 1839 1855 1867 evacuatur
1878 1830 2079 1881 dispendio
2107 1831 2222 1880 pacis.
2253 1829 2435 1868 Libenter

344 1902 403 1925 me
420 1897 520 1925 recte
542 1888 690 1934 fecisse,
712 1887 741 1923 si
763 1887 808 1923 de
825 1886 940 1923 domo
964 1886 1032 1923 Dei
1052 1886 1173 1922 zelum
1194 1884 1264 1921 Dei
1280 1884 1344 1921 lla·
1364 1889 1391 1925 C
1413 1889 1551 1927 carebo
1572 1889 1813 1940 quantolibet
1831 1890 1952 1926 etiam
1975 1889 2163 1940 spirituali
2179 1898 2348 1939 quaestu,
2369 1889 2435 1939 qui

342 1948 455 1994 bens,
479 1948 558 1998 ejus
578 1947 861 1998 providentiam
879 1947 945 1997 qui
961 1946 1233 1984 emendaturus
1250 1953 1349 1991 erat,

341 2008 574 2045 commonui.
585 2007 698 2057 Quod
711 2016 836 2044 autem
853 2021 898 2044 ex
910 2007 1134 2043 auctoritate
1146 2006 1351 2056 Scripturae

343 2069 469 2118 arguis
488 2082 546 2104 me
566 2081 742 2118 peccasse
755 2096 764 2113 ‚
785 2067 893 2117 quasi
913 2067 978 2116 qui
997 2067 1104 2116 prius
1121 2075 1156 2102 te
1172 2079 1248 2102 non
1271 2078 1353 2101 cor-

345 2128 528 2178 ripuerim
562 2143 570 2164 :
604 2127 698 2164 scito
737 2140 796 2163 me
831 2127 974 2163 nullam
1009 2125 1056 2162 de
1089 2138 1255 2176 persona
1289 2133 1354 2160 tua

344 2187 539 2236 querelam
555 2185 715 2232 habere3
729 2186 795 2222 sed
810 2186 932 2222 solum
950 2194 991 2222 ut
1008 2198 1083 2235 pax
1100 2186 1164 2221 fiat
1180 2185 1218 2221 in
1234 2185 1355 2221 ecele-

344 2247 396 2283 sia
418 2255 503 2293 tua,
523 2260 570 2282 ex
593 2246 774 2283 charitate
791 2258 1013 2295 procurare.
1039 2245 1211 2294 Denique
1233 2244 1352 2294 ipsius

346 2307 399 2343 rei
418 2307 615 2343 veritatem
631 2306 782 2356 plenius
802 2318 1009 2355 cognosces
1024 2334 1033 2351 ‚
1053 2305 1082 2342 si
1103 2305 1149 2341 ad
1170 2318 1239 2341 nos
1259 2317 1352 2340 cau-

343 2380 421 2403 sam
443 2368 586 2417 ipsam,
619 2375 660 2402 ut
689 2366 805 2411 dicis,
839 2366 1022 2403 attuleris.
1051 2365 1198 2402 Poteris
1225 2373 1352 2401 autem

344 2427 403 2463 hie
426 2440 485 2463 me
506 2427 696 2472 invenire,
724 2440 964 2476 quacumque
993 2426 1166 2463 instantis
1196 2424 1354 2462 hebdo-

347 2486 466 2523 madae
490 2485 549 2522 die
570 2485 735 2523 libuerit.

479 2609 1066 2620 ειιννιινκιινῑκπιῑιινικικινικκνινιιιιινκιι
1072 2610 1194 2619 ικνιῑινι-
1204 2609 1355 2619 ιιες-ικκκκιι

476 2709 852 2766 EPISTOLA
906 2710 1227 2765 LXXXII.c

402 2856 447 2877 An
485 2856 649 2878 ABBA'rx-:M
678 2854 977 2878 SANCTI-JOANNIS
1006 2855 1254 2879 CARNOTENSIS
1275 2843 1302 2880 *-

353 2962 590 2994 Abdicationem
614 2971 696 2991 curae
714 2961 875 3002 pastoralis
889 2985 896 2998 ,
920 2966 949 2991 ct
969 2961 1250 3003 peregrinationem
1267 2966 1357 2996 Jero-

645 3014 861 3056 solymitauam
889 3014 1057 3046 dissuadet.

410 3142 440 3178 l.
459 3141 515 3177 Ad
534 3154 578 3177 ea
595 3140 641 3177 de
657 3140 796 3190 quibus
813 3150 981 3179 nostram
999 3143 1137 3180 curasti
1159 3148 1358 3185 consulere

1417 1964 1495 1987 non
1516 1951 1636 2000 possit
1652 1950 1798 2000 acquiri
1824 1950 1896 1987 nisi
1913 1963 2000 1986 cum
2021 1949 2211 1987 scandalo.
2239 1949 2315 1988 Ubi
2331 1951 2434 1987 enim

1418 2010 1658 2057 scandalum,
1673 2010 1725 2046 ibi
1740 2010 1877 2060 procul
1896 2009 2014 2046 dubio
2035 2009 2228 2047 charitatis
2245 2018 2303 2046 est
2316 2009 2435 2046 detri-

1419 2079 1591 2108 mentum
1607 2086 1615 2107 :
1632 2070 1697 2107 ubi
1715 2079 1841 2107 autem
1859 2070 2064 2107 diminutio
2085 2070 2298 2116 charitatis,
2316 2070 2434 2108 miror

1419 2131 1525 2181 quod
1545 2132 1603 2168 vel
1634 2131 1745 2180 quale
1774 2130 1894 2180 possit
1923 2130 2129 2180 spiritualis
2154 2130 2325 2167 exercitii
2346 2143 2435 2180 spe—

1421 2191 1498 2227 rari
1536 2191 1699 2227 lucrum.
1743 2191 1922 2240 Denique
1969 2190 2000 2227 si
2040 2190 2237 2240 propriam
2275 2190 2436 2240 quisque

1419 2251 1586 2301 quietem
1607 2251 1804 2288 communi
1825 2250 2037 2301 praetulerit
2056 2250 2228 2296 utilitati,
2259 2251 2344 2299 quis
2355 2249 2435 2299 jam

1419 2311 1606 2348 veraciter
1636 2310 1762 2347 dicere
1793 2310 1954 2360 poterit,
1981 2311 2084 2346 Melzi
2112 2315 2240 2346 waere
2273 2310 2437 2346 Christus

1421 2379 1485 2414 est,
1508 2380 1543 2406 et
1573 2375 1669 2407 mori
1693 2373 1831 2406 lucram
1850 2368 1888 2406 3?
1917 2368 1981 2406 ubi
2009 2369 2083 2406 erit
2112 2369 2218 2419 quod
2237 2369 2328 2406 item
2346 2369 2438 2406 dicit

1421 2431 1650 2480 Apostolus,
1674 2432 1793 2466 Nemo
1810 2429 1882 2465 sibi
1904 2434 2018 2475 vivit,
2043 2439 2080 2465 et
2099 2444 2208 2466 nemo
2225 2429 2296 2465 sibi
2319 2435 2436 2466 mori-

1422 2500 1483 2526 tur
1500 2490 1540 2526 ⁴?
1563 2498 1625 2535 et,
1688 2491 1742 2525 ro„
1773 2491 1876 2538 quod
1904 2490 1996 2526 mila·
2026 2492 2116 2526 utiIe
2145 2499 2210 2536 est,
2239 2491 2307 2526 secl
2340 2491 2442 2539 quod

1423 2553 1548 2586 multia·
1562 2548 1575 2570 ⁵
1590 2550 1604 2584 Ρ
1622 2558 1676 2591 ct,
1698 2550 1743 2584 ζί
1761 2554 1826 2597 qui
1842 2553 1934 2585 vivit
1953 2550 2120 2595 nonjam
2140 2549 2212 2586 sibi
2232 2553 2352 2595 vivat,
2370 2551 2439 2586 secl

1423 2614 1456 2645 ei
1479 2614 1544 2661 qui
1561 2623 1634 2657 pro
1656 2608 1827 2644 omnibus
1847 2618 2012 2646 mortuus
2031 2619 2086 2645 est
2100 2608 2145 2646 ⁶?

1479 2669 1513 2705 2.
1538 2668 1609 2706 Sed
1629 2668 1744 2705 dicis:
1769 2668 1881 2706 L‘nde
1902 2682 1992 2718 ergo
2014 2669 2106 2706 mihi
2124 2678 2272 2706 tantum
2292 2669 2438 2706 deside-

1426 2730 1547 2773 rium,
1583 2728 1614 2764 si
1648 2742 1694 2764 cx
1725 2732 1805 2765 Deo
1840 2742 1918 2765 non
1952 2730 2034 2766 est?
2059 2733 2154 2766 Pace
2181 2738 2245 2766 tua
2276 2729 2438 2766 dixerim

1425 2788 1530 2838 quod
1551 2787 1685 2824 sentio.
1706 2789 1834 2836 Arsace
1851 2786 2008 2836 stertivoe
2032 2785 2216 2824 dulciores
2242 2797 2327 2824 sunt
2350 2795 2378 2833 7,
2401 2795 2439 2824 et

1426 2847 1691 2897 hujuscemodi
1732 2848 1855 2895 omni,
1893 2857 1935 2885 ut
1968 2849 2020 2885 ita
2053 2848 2209 2898 loquar,
2248 2847 2438 2885 absinthio

1426 2909 1653 2946 amariorem
1684 2908 1924 2946 dulcedinem
1955 2908 2002 2946 ab
2035 2909 2171 2958 angelo
2203 2917 2342 2946 satanae
2367 2907 2438 2946 sub

1425 2978 1613 3019 praetextu
1637 2970 1760 3020 angeli
1778 2970 1892 3017 lucis,
1914 2969 2055 3007 sitienti
2076 2968 2182 3006 cordi
2204 2977 2268 3006 tuo
2289 2967 2438 3006 infundi

1425 3043 1503 3066 non
1523 3029 1670 3066 dubitat
1685 3059 1694 3075 ,
1715 3030 1889 3080 quisquis
1905 3029 1987 3079 ejus
2007 3029 2163 3066 astutias
2179 3042 2258 3071 non
2276 3030 2436 3078 ignorat.

1429 3093 1473 3126 Et
1505 3103 1637 3127 revera
1666 3090 1750 3139 quis
1782 3090 1876 3136 alius
1911 3089 2032 3140 possit
2059 3088 2325 3126 scandalorum
2357 3100 2437 3125 esse

1426 3159 1642 3200 suggestor,
1663 3150 1812 3186 discidii
1840 3158 1996 3196 auctor,
2015 3148 2190 3186 turbator
2218 3149 2373 3186 unitatis
2400 3154 2438 3184 et

398 3286 407 3302 ¹
426 3280 542 3312 munh·
565 3294 596 3319 V»
615 3284 669 3313 39·
685 3300 729 3304 —
753 3287 765 3303 ²
783 3284 862 3313 Gen·
879 3294 942 3320 ΧΠ·
961 3286 988 3314 ¹·
1008 3302 1053 3306 —
1071 3282 1084 3304 3
1105 3285 1241 3330 Philipp.
1258 3300 1286 3327 1,
1304 3293 1358 3321 21.
1374 3309 1417 3313 —
1435 3291 1448 3317 4
1464 3294 1558 3321 Rom.
1581 3302 1650 3327 xxv,
1670 3292 1703 3321 7.
1717 3307 1762 3312 -—
1779 3287 1792 3311 ⁵
1811 3292 1825 3320 1
1840 3291 1913 3321 Cor.
1934 3300 1967 3326 x,
1982 3291 2039 3320 33.
2056 3286 2127 3311 ——5
2143 3291 2175 3320 11
2194 3289 2268 3322 Cor.
2283 3299 2314 3325 v,
2336 3290 2437 3319 15.—

350 3346 363 3370 7
383 3343 474 3371 Prov.
493 3352 539 3375 tx,
568 3344 618 3372 17.

1471 3352 1484 3366 “
1501 3349 1620 3391 Scripta
1635 3349 1713 3380 circa
1728 3359 1844 3379 amium
1866 3351 1875 3379 1
1891 3351 1965 3379 130.

397 3393 411 3412 '³
431 3396 548 3436 Nempe
569 3394 593 3425 is
609 3394 638 3425 in
654 3395 704 3436 jus
724 3402 909 3426 successerat
923 3396 1054 3428 Gerardi
1068 3397 1187 3430 comitis
1200 3424 1207 3438 ‚
1229 3401 1427 3433 Pultarieusis
1441 3401 1619 3434 monasterii
1636 3401 1821 3434 fundatoris.
1840 3419 1882 3424 —
1897 3408 1910 3423 θ
1927 3401 2049 3444 Scripta
2065 3401 2146 3432 circa
2163 3409 2280 3432 annum
2299 3403 2309 3431 1
2324 3401 2396 3430 128.
