2517 3936
86 184 179 221 11-’11

797 186 961 221 5ΕΒΜΟ
993 186 1057 220 DE
1087 186 1178 221 COR
1186 188 1211 220 V
1220 187 1438 223 ERSIONE.

81 260 320 305 adhibitum,
361 258 592 308 prohibitam
629 261 795 308 crapulae
832 261 1104 312 voluptatem.⁴

2055 197 2151 233 1122

1109 260 1360 312 ὃς’1011)1001111·
1383 263 1528 300 auditu.
1553 268 1677 313 Atque
1701 267 1842 304 utinam
1864 271 1961 307 iuter
1979 282 2151 322 spectau—

80 320 221 359 Oculus
259 319 436 369 queritur
474 318 635 354 indictas
660 319 869 369 lacrymas,
906 322 1086 371 petulan-
1106 322 1136 354 A
1157 321 1248 357 dum
1274 331 1394 359 totum
1418 323 1624 372 aliquando
1643 338 1781 374 corpus
1800 329 1903 365 1101·οῑ
1920 332 2071 378 00111115,
2089 343 2153 369 aut

81 381 168 418 tiam
192 378 448 417 interdictam.
468 377 617 426 Quibus
642 378 721 415 haec
746 388 783 415 et
800 381 934 417 similia
952 394 1086 430 prose-

80 439 286 491 quentibus
313 439 475 476 excitata
505 447 542 475 et
578 438 826 476 vehementer
861 441 1086 478 exacerbata

79 501 256 538 voluntas
287 515 294 537 :
324 498 573 536 Somniumne
602 506 680 543 est,
710 498 856 548 inquit,
883 513 931 536 an
960 499 1088 537 fabula

79 560 183 613 quod
200 559 384 598 narratis?
399 563 495 597 Tum
514 571 605 595 vero
621 566 885 608 opportunum
902 572 978 595 suae
996 567 1087 596 tem-

79 634 152 672 pus
167 628 278 657 nacta
293 617 543 670 querimoniae
559 617 687 666 lingua
706 633 713 653 z
731 617 898 655 Omnino
911 647 920 664 ,
942 619 1014 663 ait,
1035 618 1088 655 sic

79 689 135 719 est
150 689 192 718 ut
211 679 381 717 audistis.
404 682 499 716 Nam
520 685 558 714 et
573 690 642 727 ego
666 690 686 713 a
706 675 844 714 fabulis
867 685 904 713 et
927 678 1088 714 menda—

79 741 144 778 ciis
161 739 268 790 jussa
299 752 383 776 sum
413 737 594 783 reticere,
625 745 663 773 et
684 736 779 773 nihil
812 736 992 787 deinceps
1016 738 1088 774 nisi

79 800 241 846 serium,
266 799 343 836 imo
365 806 402 835 et
421 797 574 848 penitus
596 797 849 834 necessarium
871 798 989 847 loqui.

134 861 193 898 10.
226 859 362 897 Exsilit
391 858 508 908 igitur
542 857 671 894 vetula
703 857 861 904 furens,
894 865 931 894 et
969 858 1085 895 totius

77 920 197 958 oblita
226 919 441 969 languoris,
465 917 642 969 procedit
664 917 912 955 horrentibus
935 918 1055 955 comis
1071 946 1081 964 ‚

75 989 180 1018 veste
209 981 357 1026 lacera,
383 988 540 1030 pectore
573 979 700 1026 nudo,
733 980 907 1030 scalpens
930 979 1080 1025 ulcera,

1153 382 1253 417 inter
1288 381 1555 431 prandendum
1590 383 1628 418 in
1668 383 1792 421 fauces
1828 388 1995 425 membra
2027 393 2152 429 omnia

1153 449 1409 478 verterentur.
1446 445 1553 478 Tune
1583 442 1674 478 1111111
1697 442 1736 478 id
1767 445 1954 483 modicum
1980 452 2153 487 consola-

1155 501 1289 547 tionis,
1316 501 1421 551 quod
1445 510 1652 552 utcumque
1687 504 1884 550 mendico,
1919 516 2038 545 tentas
2068 525 2151 547 sur-

1153 561 1308 611 ripere?
1336 562 1460 609 Dixit,
1484 571 1520 598 ct
1550 576 1636 599 cum
1669 563 1928 612 indignatione
1959 576 1995 603 01
2026 569 2152 607 furore

1154 621 1337 658 recedens
1363 637 1370 658 ε
1395 625 1543 668 Teneo,
1568 623 1710 672 inquit,
1738 623 1972 674 longumque
2003 627 2151 665 tcncbo.

1213 681 1269 717 11.
1292 684 1376 717 Jam
1401 694 1492 718 vero
1513 682 1652 718 rationi
1675 683 1756 732 ipsa
1781 684 1931 721 vexatio
1952 685 2015 722 dat
2040 687 2154 724 intel—

1154 739 1294 776 lectum
1308 769 1317 787 ,
1329 739 1407 789 jam
1425 742 1627 778 innotescit
1640 743 1875 793 aliquatenus
1889 745 1998 795 hujus
2014 749 2155 797 negotii

1154 798 1356 837 difficultas
1373 830 1382 847 ,
1409 800 1488 850 jam
1512 811 1746 853 p1·:esumpta
1769 804 1926 841 facilitas
1952 809 2152 845 evanescit.

1151 859 1262 897 Videt
1291 862 1392 898 enim
1424 863 1647 899 memoriam
1677 864 1827 914 plenam
1859 867 2152 915 spurcitiarum;

1151 919 1254 957 videt
1271 920 1528 959 abundantius
1542 923 1633 960 alias
1655 931 1768 973 atque
1787 924 1876 961 alias
1894 925 2055 964 influere
2072 942 2153 965 sor-

1151 979 1239 1027 des3
1264 981 1369 1019 videt
1388 983 1487 1033 ipsas
1518 984 1700 1021 fenestras
1722 986 1835 1022 morti
1860 988 2007 1036 patulas
2029 989 2151 1026 claudi

75 1041 255 1080 frendens
272 1039 452 1078 dentibus
468 1049 506 1077 et
529 1053 723 1087 arescens,
747 1048 861 1090 atque
877 1040 1002 1090 ipsum
1020 1039 1083 1075 in-
1107 1039 1133 1074 Β
1151 1041 1308 1078 omnino
1341 1056 1419 1079 non
1443 1056 1591 1093 posse3·
1608 1053 1645 1081 et
1668 1044 1771 1094 quod
1795 1045 1918 1083 adhuc
1945 1049 2152 1097 praesidens

74 1101 205 1139 ficiens
233 1114 360 1138 aerem
390 1099 544 1138 flatibus
566 1100 778 1138 virulentis.
811 1100 954 1149 Quidni
985 1114 1082 1137 con-

73 1162 278 1208 fundatur,
310 1161 341 1198 si
363 1161 458 1212 quid
481 1161 605 1198 adhuc
628 1169 804 1212 superest
826 1161 1007 1207 rationis,
1034 1161 1081 1198 ad

73 1221 187 1258 talem
203 1220 349 1258 miserae
368 1220 576 1257 voluntatis
595 1233 795 1257 occursum
812 1229 849 1257 et
861 1221 1084 1257 incursum?

72 1284 186 1327 Haec,
218 1280 362 1330 inquit,
398 1289 454 1317 est
487 1288 567 1317 tota
599 1280 653 1317 tui
683 1279 851 1331 conjugii
881 1281 995 1328 fides,
1029 1281 1081 1318 sic

50 1342 300 1392 'compateris
332 1342 428 1378 male
460 1341 647 1392 patienti?
677 1344 809 1391 Usque
841 1341 936 1379 adeo
965 1355 1082 1391 super

70 1400 244 1439 dolorem
265 1402 471 1439 vulnerum
490 1415 665 1438 meorum
686 1400 826 1438 addere
850 1401 1080 1451 pepercisti?

69 1460 381 1502 Subtrahendum
416 1462 576 1500 forsitan
610 1475 658 1499 ex
693 1462 947 1499 immoderata
989 1462 1079 1499 dote

67 1522 211 1572 aliquid
241 1522 446 1560 videbatur
478 1537 486 1559 :
522 1522 589 1560 sed
618 1522 712 1572 quid
743 1523 976 1573 relinquitur
1006 1523 1079 1560 hoc

67 1582 243 1621 sublato?
265 1584 396 1621 Solum
421 1584 522 1621 hunc
545 1584 740 1633 languenti
757 1584 904 1621 miserae
926 1585 1078 1634 praesti—

69 1643 167 1690 tisti,
193 1652 232 1681 et
254 1644 384 1681 omnia
407 1643 490 1694 ejus
513 1643 719 1694 obsequia,
752 1645 1079 1694 quemadmodum

66 1704 142 1741 sint
157 1704 378 1752 distributa,
399 1705 606 1756 aliquando
631 1706 858 1755 cognovisti.
874 1710 985 1743 Nunc
1009 1720 1079 1743 au-

67 1772 142 1802 tem
169 1765 201 1803 si
225 1765 293 1803 tibi
324 1766 482 1803 forsitan
506 1765 633 1803 morbi
656 1766 769 1816 hujus
793 1767 973 1817 pessimi,
999 1782 1077 1818 quo

1150 1102 1327 1139 voluntas
1350 1104 1528 1153 languida
1552 1105 1791 1149 dominetur,
1817 1120 1862 1143 ex
1887 1107 1994 1157 cujus
2014 1110 2151 1147 ulceri-

1149 1160 1220 1199 bus
1255 1165 1376 1201 sanies
1407 1165 1584 1202 universa
1618 1166 1811 1216 profluxit.
1845 1168 1954 1205 videt
1986 1170 2150 1221 denique

1151 1223 1276 1260 anima
1299 1238 1379 1262 sese
1403 1227 1723 1272 contaminatam,
1746 1241 1816 1264 nec
1839 1242 1906 1278 per
1929 1229 2065 1277 alium,
2087 1232 2151 1268 sed

1149 1297 1219 1333 per
1241 1286 1442 1335 proprium
1468 1300 1629 1336 corpus,
1657 1300 1726 1323 000
1752 1288 1902 1326 aliunde
1926 1304 2038 1339 quam
2071 1305 2091 1328 a
2114 1306 2152 1329 50

1147 1344 1242 1394 ipsa.
1267 1348 1333 1382 Est
1361 1347 1462 1382 enim
1493 1347 1674 1396 quiddam
1702 1348 1856 1393 animae,
1880 1350 1977 1385 sicut
2007 1364 2152 1388 memo-

1147 1406 1201 1443 ria
1225 1420 1310 1457 quae
1333 1407 1521 1454 inficitur,
1543 1408 1594 1444 sic
1615 1408 1794 1445 voluntas
1820 1409 1900 1459 ipsa
1915 1424 1999 1459 quae
2016 1412 2149 1450 inficit.

1146 1467 1323 1517 Denique
1351 1476 1429 1504 tota
1457 1468 1539 1518 ipsa
1568 1468 1660 1505 nihil
1687 1477 1743 1505 est
1763 1469 1863 1506 aliud
1885 1484 1997 1520 quam
2029 1474 2148 1519 ratio,

1148 1528 1356 1573 memoria,
1390 1536 1426 1565 et
1450 1529 1638 1566 voluntas.
1670 1533 1779 1566 :Nunc
1808 1539 1930 1567 autem
1961 1541 1997 1568 et
2026 1533 2147 1570 ratio—

1148 1587 1274 1624 minus
1288 1586 1449 1634 habens,
1468 1602 1564 1625 caeca
1583 1588 1885 1638 quodammodo,
1903 1591 2004 1640 quod
2020 1592 2146 1629 hacte-

1147 1660 1218 1684 nus
1238 1648 1306 1685 ista
1324 1662 1401 1685 000
1420 1648 1579 1696 viderit3
1600 1650 1751 1686 infirma
1775 1652 1952 1698 omnino,
1974 1654 2077 1702 quod
2098 1668 2145 1691 ne

1147 1708 1271 1756 agnita
1297 1708 1451 1758 quidem
1473 1710 1677 1759 praevaleat
1701 1718 1902 1760 repararea
1923 1727 1930 1748 :
1950 1721 1985 1749 et
2002 1727 2148 1751 memo-

1144 1766 1199 1803 ria
1223 1766 1428 1804 foedissima
1456 1768 1597 1817 pariter
1627 1777 1663 1804 et
1687 1769 1925 1817 fetidissima,
1950 1780 1986 1808 et
2010 1774 2146 1810 volun-

64 1825 220 1873 laboro,
243 1827 383 1877 triplex
402 1827 615 1877 malignitas
639 1827 822 1864 excidisse
841 1829 989 1879 potuit,
1014 1828 1079 1865 sed
1098 1830 1124 1866 C
1147 1833 1201 1863 tas
1235 1826 1434 1876 languida,
1466 1836 1503 1863 et
1532 1828 1733 1865 horrendis
1764 1829 1953 1868 ulceribus
1976 1833 2145 1883 undique

64 1899 144 1924 1100
172 1887 277 1925 mihi.
309 1887 504 1938 Siquidem
536 1888 770 1938 voluptuosa
797 1902 903 1935 sum,
928 1890 1078 1927 curiosa

64 1960 170 1996 sum,
195 1947 396 1986 ambitiosa
421 1962 526 1996 su1n3
551 1957 589 1986 et
617 1949 664 1986 ab
687 1950 759 1986 1100
788 1950 927 2000 triplici
950 1951 1077 1988 ulcere

63 2022 142 2046 non
165 2017 222 2047 est
243 2009 284 2046 in
307 2023 368 2046 me
391 2010 532 2047 sanitas
555 2023 576 2046 a
596 2010 728 2060 planta
751 2010 860 2060 pedis
882 2024 1004 2061 usque
1029 2012 1075 2048 ad

65 2070 260 2107 verticem.
285 2073 420 2120 Itaque
442 2070 588 2116 fauces,
616 2079 652 2107 et
687 2084 772 2120 quae
797 2071 963 2109 obscena
986 2083 1076 2110 sunt

63 2130 236 2181 corporis
249 2159 259 2176 ,
279 2131 468 2181 assignata
487 2139 577 2168 sunt
594 2131 803 2182 voluptati,
827 2132 1075 2182 quandoqui-

63 2190 150 2228 dem
171 2192 279 2228 velut
309 2191 356 2228 de
379 2205 483 2229 novo
510 2204 664 2229 necesse
687 2200 743 2229 est
766 2192 913 2243 singula
936 2207 1072 2231 recen-

63 2252 149 2289 seri.
172 2256 267 2290 Nam
285 2252 496 2290 curiositati
517 2266 586 2303 pes
605 2267 742 2303 vagus,
760 2262 798 2290 et
816 2253 1074 2304 indisciplina-

63 2318 123 2348 tus
139 2312 274 2349 oculus
291 2312 538 2349 famulantur.
555 2317 605 2350 At
622 2313 781 2350 vanitati
798 2313 952 2363 quidem
971 2315 1073 2351 auris

63 2380 101 2409 et
121 2373 250 2423 lingua
279 2374 474 2420 serviunt,
505 2373 596 2410 dum
628 2388 699 2424 per
725 2375 828 2411 illam
858 2375 1073 2426 impinguat

63 2441 177 2483 caput
199 2447 326 2471 meum
357 2434 485 2471 oleum
509 2435 746 2484 peccatoris,
772 2449 842 2485 per
864 2435 963 2473 hanc
991 2437 1072 2486 ipsa

62 2494 223 2545 suppleo
238 2494 344 2545 quod
359 2494 398 2531 in
414 2494 592 2532 laudibus
611 2496 705 2533 meis
720 2496 781 2533 alii
797 2497 923 2533 minus
942 2497 1072 2534 fecisse

63 2553 254 2591 videntur.
285 2554 404 2593 Valde
436 2555 538 2592 enim
570 2555 740 2593 delector
769 2565 806 2593 et
830 2557 1000 2607 recipere
1023 2557 1071 2594 ab

1146 1886 1359 1923 scaturiens
1391 1887 1598 1924 invenitur.
1633 1893 1681 1926 At
1710 1902 1756 1925 ne
1780 1890 1870 1938 quid
1895 1904 1941 1927 ex
1969 1893 2146 1930 omnibus

1143 1959 1228 1995 quae
1264 1955 1354 1983 sunt
1388 1947 1552 1985 hominis
1582 1949 1842 1999 relinquatur,
1877 1952 1999 2002 ipsum
2036 1955 2146 1991 etiam

1143 2019 1284 2057 corpus
1301 2006 1443 2044 rebelle
1458 2017 1513 2045 est
1532 2024 1538 2045 :
1556 2017 1592 2045 et
1616 2009 1763 2059 singula
1782 2011 1952 2049 membra
1976 2013 2147 2052 fenestrae

1143 2067 1301 2117 singulae
1314 2097 1323 2114 ,
1347 2068 1486 2118 quibus
1505 2083 1606 2106 mors
1621 2070 1737 2107 intrat
1757 2071 1803 2107 ad
1820 2073 1982 2110 animam
1997 2103 2007 2121 ,
2032 2083 2069 2111 et
2088 2076 2146 2111 in-

1143 2137 1335 2165 cessanter
1358 2128 1542 2167 exuberat
1564 2130 1645 2180 ipsa
1668 2131 1851 2168 confusio.

1490 2257 1665 2295 CAPL'T
1695 2258 1787 2296 HI.

1140 2378 1316 2421 Respiratio
1339 2379 1556 2411 consolationis
1582 2380 1770 2422 pauperibus
1797 2381 1923 2423 spiritu,
1954 2394 2006 2414 seu
2032 2386 2142 2417 animae

1411 2434 1565 2465 iniseriam
1581 2444 1667 2465 suam
1686 2436 1872 2475 agnoscenti.

1191 2555 1247 2591 12.
1262 2554 1401 2592 Audiat
1419 2569 1508 2605 ergo
1531 2556 1668 2601 anima,
1686 2569 1935 2605 quaecumque
1952 2557 2138 2607 ejusmodi

62 2614 237 2665 aliis,·et,
254 2629 343 2652 cum
362 2625 583 2666 opportune
597 2630 773 2667 possum,
792 2619 905 2655 etiam
924 2618 1074 2656 tradere
1091 2618 1125 2652 D
1143 2623 1220 2661 cst,
1237 2628 1373 2652 vocem
1396 2615 1560 2652 divinam
1576 2644 1584 2661 ,
1609 2624 1645 2652 et
1669 2616 1797 2652 audiat
1820 2631 1903 2653 cum
1930 2626 2084 2668 stupore
2102 2628 2140 2655 et

62 2674 144 2713 aliis
160 2675 292 2713 laudes
311 2689 434 2722 meas,
460 2685 498 2714 et
520 2691 606 2715 meo
630 2686 668 2715 et
690 2679 815 2716 alieno
835 2692 902 2716 ore
923 2693 1074 2730 semper

63 2735 222 2786 cupiens
236 2735 449 2786 praedicari.
469 2738 538 2775 Cui
554 2738 795 2788 potissimum
811 2739 947 2776 morbo
965 2748 1072 2776 11111111

63 2809 218 2848 quoque
231 2797 426 2847 ingenium
443 2798 610 2848 plurima
625 2799 721 2836 solet
734 2799 915 2836 adhibere
930 2800 1074 2837 fomen-

65 2864 114 2893 ta.
134 2860 255 2895 Porro
269 2870 405 2895 manus
422 2860 523 2909 ipsas
537 2888 546 2905 ,
561 2858 702 2908 quibus
715 2868 771 2896 est
791 2859 960 2910 undique
977 2861 1074 2898 liber

64 2924 209 2964 motus,
230 2931 310 2955 non
331 2918 399 2956 uni
419 2918 636 2969 specialiter
654 2920 766 2956 alicui
783 2921 891 2971 operi
911 2920 1074 2971 deputa-

65 2989 171 3024 mus,
206 2976 273 3014 sed
309 2977 426 3015 modo
459 2978 619 3016 vanitati
638 3007 648 3025 ,
687 2980 803 3016 modo
835 2980 1044 3018 curiositati
1062 3010 1071 3027 ,

66 3035 181 3073 modo
211 3037 401 3088 voluptati
425 3038 602 3076 sedulum
627 3039 717 3076 satis
738 3039 919 3077 exhibent
949 3041 1073 3077 famu—

67 3095 194 3134 latum.
232 3097 380 3146 Quibus
415 3099 466 3136 ita
501 3099 694 3150 dispositis
711 3129 721 3147 ,
754 3114 833 3137 non
868 3101 960 3138 mihi
995 3101 1073 3138 haec

67 3156 195 3201 omnia
219 3158 277 3194 vel
301 3158 340 3195 in
364 3172 441 3195 uno
469 3160 684 3198 satisfacere
709 3162 915 3212 aliquando
937 3171 1074 3212 potue-

68 3209 177 3264 runt,
201 3218 306 3267 quod
326 3232 406 3256 non
428 3220 584 3258 satietur
605 3222 739 3259 00111115
755 3223 836 3259 visu
853 3252 862 3269 ‚
888 3236 957 3259 1100
975 3222 1075 3259 auris

114 3344 126 3360 ¹
141 3339 256 3372 Mauh.
274 3352 303 3380 v,
321 3345 352 3373 3.

1141 2675 1396 2712 admiratione
1418 2675 1604 2712 dicentem
1628 2690 1635 2712 :
1657 2678 1767 2711 Beati
1779 2691 1967 2725 pauperes
1982 2682 2136 2726 spiritu,

1141 2742 1320 2786 quoniam
1343 2741 1505 2786 ipsorum
1539 2746 1592 2772 est
1624 2750 1776 2785 regnum
1811 2741 1981 2774 coelorum
2000 2747 2023 2776 ¹.
2048 2739 2139 2788 Quis

1141 2797 1278 2848 spiritu
1308 2798 1516 2849 pauperior
1542 2797 1697 2846 eo,qui
1725 2797 1763 2833 in
1793 2806 1872 2834 toto
1905 2799 2040 2848 spiritu
2069 2814 2138 2837 suo

1141 2872 1220 2895 non
1252 2859 1400 2895 invenit
1426 2859 1594 2907 requiem
1616 2886 1625 2904 ‚
1652 2870 1729 2893 non
1759 2858 1905 2894 invenit
1933 2858 1999 2896 ubi
2026 2870 2140 2911 caput

1141 2919 1331 2957 reclinet?
1357 2923 1439 2956 Hoc
1469 2932 1623 2968 quoque
1655 2918 1860 2955 consilium
1894 2920 2043 2969 pietatis
2060 2949 2070 2967 ,
2098 2931 2139 2958 ut

1140 2980 1205 3030 qui
1238 2979 1309 3016 sibi
1342 2979 1539 3028 displicet,
1569 2979 1716 3028 placeat
1748 2982 1857 3026 Deo3
1885 2988 1923 3016 et
1951 2981 2015 3029 qui
2047 2995 2139 3031 pro-

1141 3041 1261 3091 priam
1299 3039 1454 3075 domum
1491 3038 1600 3084 odit,
1633 3037 1790 3074 domum
1822 3039 1954 3089 utique
1987 3041 2136 3090 plenam

1141 3099 1331 3150 spurcitiae
1358 3106 1396 3135 et
1423 3098 1677 3144 infelicitatis,
1700 3098 1883 3136 invitetur
1907 3100 1953 3136 ad
1982 3100 2135 3136 domum

1141 3160 1292 3210 gloriae,
1314 3159 1471 3195 domum
1494 3172 1570 3196 11011
1596 3172 1711 3196 manu
1732 3159 1886 3206 factam,
1905 3168 2080 3196 aeternam
2098 3159 2134 3195 in

1143 3219 1256 3257 coelis.
1281 3222 1356 3256 Nec
1380 3218 1518 3255 mirum
1549 3218 1579 3255 si
1607 3217 1653 3254 ad
1679 3217 1791 3266 hujus
1813 3217 2037 3267 dignationis
2059 3231 2138 3254 ma-

1145 3344 1156 3358 ³
1175 3341 1277 3378 Alias,
1295 3347 1479 3384 lernpcrare.
