2533 3920
393 220 468 259 455

394 299 540 350 quievit
570 297 778 346 indignatio
796 303 942 340 vestra,
963 305 1047 342 quae
1071 291 1226 328 forsitan
1252 289 1390 327 adver-
1405 287 1418 305 ²

1153 216 1188 251 S.
1219 213 1471 250 BERNARDI
1504 210 1703 246 ABBATIS

394 373 457 397 sus
476 358 652 396 Ecclesiae
669 355 955 393 conculcatores
966 351 1107 401 justius
1121 349 1396 394 incanduissct;
1417 350 1448 383 A
1467 365 2475 383 „.„.,.„....„..„.„...u„m...mm,..m..n-mummmm...
2508 386 2509 390 Ἰ

396 420 507 457 etiam
531 416 639 454 vobis
666 416 774 460 dico,
798 412 1055 451 schismaticos
1078 423 1164 453 vos,
1192 418 1257 446 aut
1286 408 1397 445 fomi-

397 488 471 516 tem
506 490 586 514 esse
615 474 800 520 scandali,
820 487 890 510 nec
919 471 1015 517 dixi,
1046 484 1115 507 nec
1145 469 1296 519 scripsi,
1331 481 1401 504 nec

397 539 540 577 credidi
556 567 565 583 ,
584 546 621 574 ct
648 537 733 573 dico
760 546 916 571 securus
938 547 945 568 :
968 545 1037 568 nec
1059 543 1195 567 vereor
1215 528 1320 578 quod
1342 540 1402 564 me

397 613 479 636 mea
501 598 637 648 pagina
665 602 797 644 arguat
827 590 1023 629 mendacii.
1050 587 1278 627 Scrutamini
1298 600 1401 631 eam,

399 660 428 696 si
456 659 579 709 placet
601 672 608 693 :
632 664 668 692 et
692 655 722 692 si
747 655 799 690 ita
821 650 1041 688 inveneritis
1059 678 1068 696 ,
1090 662 1197 685 rcum
1222 660 1281 683 me
1307 647 1389 683 fate-

400 718 472 755 bor
489 717 641 767 grandis
662 713 845 762 sacrilegii
862 740 870 757 ,
894 719 930 747 et
951 722 1080 746 revera
1095 738 1104 756 ,
1128 709 1225 745 sicut
1245 707 1404 753 notatis,

400 779 535 829 spiritu
553 774 796 826 blasphemiae
813 772 992 821 agitatum
1016 770 1079 806 illa
1101 768 1306 818 scripsisse.

469 839 504 875 2.
547 841 600 875 Ne
640 844 764 872 tamen
799 831 952 869 humilis
988 828 1190 866 satisfactio
1229 827 1405 877 spiritum

401 899 576 936 xideatur
601 895 803 933 excludere
833 891 921 928 libel
934 890 1019 927 tatis
1039 905 1048 936 3
1069 889 1174 925 dolui
1206 888 1339 933 fateor,
1369 894 1407 922 et

402 960 533 1005 doleo,
563 956 666 1007 quod
698 953 870 991 nondum
909 964 952 987 ea
989 962 1058 986 vos
1093 948 1296 993 libertate,
1331 960 1403 996 qua

404 1021 578 1062 deceret,
601 1014 858 1064 comperimus
886 1010 1024 1048 Christi
1056 1009 1185 1045 ulcisci
1220 1007 1405 1056 injurias,

1594 487 1973 550 EPISTOLA
2018 483 2358 544 CCXXIVJ'

1539 654 1587 676 AD
1616 649 1835 676 STEPHANUM
1866 647 2135 672 PRAENESTINUM
2164 645 2372 669 EPISCOPUM
2385 632 2415 670 *-

1474 773 1641 807 Malesaeta
1655 771 1804 805 Ludoxici
1823 769 1902 813 regis
1920 775 1950 801 et
1965 768 2093 811 injurias
2109 768 2141 799 in
2155 765 2345 805 Ecclesiam,
2361 765 2478 809 episco-
2526 786 2533 798 0

1780 836 1856 869 pos,
1876 825 2014 866 aliosque
2035 821 2175 866 exponit.

2482 906 2483 909 ,
2507 894 2509 910 l

1535 952 1566 986 1.
1587 947 1778 997 Loquitur
1801 945 1985 982 Jeremias
2007 942 2054 980 ad
2071 946 2192 979 Deum
2215 954 2288 991 pro
2307 939 2482 978 adversa·

1478 1009 1542 1046 riis
1563 1008 1658 1053 suis,
1677 1007 1725 1043 ita
1751 1005 1879 1041 dicens
1895 1032 1904 1049 ,
1924 1004 2136 1040 Recordare
2149 1030 2160 1047 ,
2181 1004 2365 1045 Domine,
2387 1003 2485 1050 quod
2521 1016 2533 1040 1

399 1078 575 1117 Ecclesiae
596 1073 799 1112 defendere
822 1071 1049 1108 libertatem.
1070 1069 1191 1105 Dolor
1210 1068 1280 1103 iste
1298 1079 1406 1103 com-
1427 1073 1456 1106 Β
1474 1072 1634 1105 εἰσίω-[κη
1667 1071 1706 1102 in
1732 1073 1928 1113 conspeetu
1961 1072 2036 1109 tice,
2065 1071 2104 1098 ut
2139 1064 2311 1110 loquerer
2332 1074 2403 1110 pro
2433 1065 2483 1099 ei,
2506 1059 2510 1096 ζ

402 1138 499 1189 pulit
529 1149 588 1172 me
621 1132 786 1170 seribere
819 1130 936 1176 dura,
964 1141 1041 1164 non
1072 1136 1199 1164 tamen
1227 1126 1291 1162 illa
1323 1138 1409 1175 quae

403 1195 624 1248 impingitis.
647 1198 873 1231 Putaveram
904 1188 1091 1239 siquidem
1114 1186 1171 1238 (et
1190 1186 1315 1223 adhuc
1335 1199 1410 1235 pu-

403 1267 536 1303 tarem,
550 1255 621 1292 nisi
636 1254 807 1291 timerem
825 1249 934 1288 vobis
948 1251 985 1286 in
1004 1249 1077 1285 hoc
1095 1261 1175 1285 esse
1192 1245 1409 1297 molestus),

403 1328 644 1368 nequaquam
666 1313 839 1351 sufficere
860 1309 966 1360 quod
987 1307 1199 1346 schismatis
1222 1320 1300 1344 non
1321 1306 1410 1343 estis

404 1387 599 1423 auctores,
629 1375 699 1412 nisi
732 1382 770 1410 et
803 1385 868 1409 eos
900 1370 966 1420 qui
994 1377 1103 1415 sunt,
1134 1367 1410 1417 cujuscumque

403 1439 596 1489 dignitatis
616 1437 713 1482 sint,
734 1441 812 1470 tota
831 1432 1005 1469 libertate
1029 1443 1101 1480 pro
1127 1428 1275 1466 viribus
1297 1441 1409 1465 coer-

406 1499 540 1544 ceatis,
566 1506 601 1534 et
632 1508 766 1533 eorum
800 1492 1001 1530 eonsilium
1033 1499 1144 1540 atquc
1176 1489 1410 1526 consortium

406 1558 618 1597 exsecretis.
655 1560 852 1599 Putarem,
888 1553 1067 1602 inquam,
1104 1551 1263 1600 gloriam
1302 1549 1411 1586 vobis

406 1633 504 1664 csse,
524 1619 553 1655 si
574 1617 698 1653 (licere
721 1614 882 1665 possetis
902 1621 939 1649 et
956 1625 1023 1648 vos
1043 1626 1051 1648 :
1079 1612 1188 1646 Odivi
1206 1612 1401 1645 ecclesiam

407 1681 694 1728 malignancium
720 1704 731 1720 ,
772 1683 808 1710 et
843 1686 922 1708 cum
961 1675 1087 1720 impiis
1126 1684 1199 1706 11οη
1239 1669 1372 1705 sedebo
1388 1674 1411 1704 ¹.

406 1737 602 1788 Numquid
623 1736 745 1773 solum
767 1733 925 1771 decebat
953 1732 1054 1768 zelus
1078 1731 1141 1768 ille
1162 1731 1413 1781 prophetam,

408 1808 446 1836 et
463 1812 541 1835 non
559 1796 671 1833 hodie
691 1807 845 1844 quoque
867 1806 887 1829 a
905 1791 1061 1830 Domini
1078 1790 1273 1827 sacerdote
1292 1789 1418 1838 requi-

1477 1129 1627 1171 bonam,
1640 1135 1674 1162 et
1689 1133 1890 1161 averterem
1907 1125 2205 1172 indignationem
2221 1130 2323 1157 tuam
2340 1120 2388 1156 ab
2405 1125 2460 1158 eis
2471 1134 2484 1158 .·
2506 1138 2532 1154 <v

1478 1197 1516 1226 et
1533 1188 1647 1225 insert
1663 1215 1672 1232 ,
1695 1187 1917 1234 Propterea,
1941 1182 2067 1232 inquit
2082 1211 2092 1229 ,
2114 1182 2281 1230 dafilios
2301 1194 2426 1217 eorum
2445 1185 2483 1219 in
2506 1177 2509 1217 l
2526 1200 2533 1218 1

1470 1249 1633 1299 famem,
1653 1256 1688 1282 et
1701 1248 1820 1282 dedice
1838 1258 1899 1281 eos
1909 1245 1946 1280 in
1963 1256 2096 1280 manus
2114 1243 2235 1292 gladii
2245 1241 2270 1278 ³.
2295 1244 2344 1278 Et
2364 1240 2484 1279 adhuc
2506 1247 2533 1280 ’.1

1481 1310 1553 1347 alia
1582 1308 1621 1345 in
1652 1307 1755 1343 hunc
1782 1304 1940 1342 modum
1964 1315 2071 1353 aeque
2098 1301 2227 1352 gravia
2254 1301 2485 1351 imprecatur
2505 1295 2533 1338 ‚³¹

1478 1370 1562 1407 illis.
1578 1367 1691 1417 Quod
1709 1374 1916 1416 propterea
1934 1376 2038 1400 nunc
2059 1361 2163 1412 apud
2183 1368 2348 1397 vestram
2366 1363 2485 1398 Reve—
2506 1376 2519 1389 ,-

1479 1429 1640 1467 rentiam
1662 1423 1954 1464 memorandum
1981 1421 2135 1473 putavi,
2164 1420 2347 1471 quoniam
2367 1420 2484 1458 simile
2504 1418 2508 1449 ἔ
2527 1441 2531 1454 ,

1482 1490 1573 1528 1111111
1610 1486 1754 1538 aliquid
1793 1499 1878 1523 curn
1919 1483 2112 1533 Propheta
2145 1481 2260 1518 video
2297 1480 2484 1518 accidisse.
2521 1502 2530 1518 ι,

1478 1555 1555 1588 Vos
1571 1550 1670 1587 enim
1693 1547 1794 1585 scitis
1805 1576 1814 1593 ,
1833 1544 2032 1596 quomodo
2045 1556 2116 1593 ego
2129 1554 2284 1592 quoque
2301 1554 2374 1592 pro
2388 1544 2486 1591 Rege
2528 1566 2533 1578 2

1479 1611 1647 1649 steterim
1685 1610 1724 1646 in
1767 1615 1976 1657 conspeetu
2014 1603 2159 1641 domini
2198 1603 2292 1650 mei,
2327 1613 2486 1652 corpore
2503 1621 2531 1634 „.

1481 1672 1635 1723 quidem
1653 1669 1790 1707 absens
1804 1696 1813 1713 ,
1833 1666 1898 1704 sed
1920 1677 2088 1716 praesens
2106 1663 2244 1714 spiritu
2260 1691 2270 1710 ,
2287 1670 2330 1699 ut
2355 1662 2488 1711 loque·
2503 1679 2533 1716 Η

1483 1747 1544 1771 rer
1565 1745 1636 1783 pro
1654 1744 1698 1767 eo
1715 1730 1876 1766 bonum.
1899 1730 2004 1763 Bona
2022 1724 2208 1774 siquidem
2223 1721 2485 1773 pollicebatur.
2503 1719 2529 1758 ¹²³

1483 1797 1593 1831 Nunc
1616 1799 1741 1829 autem
1769 1790 1853 1839 ipso
1880 1786 2063 1824 reddente
2091 1797 2163 1835 pro
2190 1783 2296 1821 bono
2328 1783 2486 1829 malum,
2503 1774 2530 1826 ξ-

409 1859 526 1904 ritur,
547 1857 593 1894 (le
622 1868 700 1906 quo
732 1853 881 1891 dicebat
904 1867 911 1889 :
935 1854 1070 1887 Nonne
1102 1855 1164 1899 qui
1199 1851 1352 1886 oderunt
1367 1858 1414 1894 te,
1438 1852 1464 1888 C
1485 1866 1602 1902 cogor
1637 1850 1829 1888 contraria
1862 1846 2040 1884 scribere.
2074 1844 2199 1883 Pudet
2239 1844 2381 1881 erroris
2407 1871 2418 1889 ‚
2451 1843 2530 1882 et‘ffi

410 1921 584 1964 Domine,
598 1919 763 1959 oderam,
787 1923 821 1949 et
836 1926 950 1961 super
967 1914 1134 1948 inimicos
1153 1920 1234 1947 tuos
1252 1910 1417 1946 tabesce-

413 1979 497 2015 bam
512 1979 552 2013 ²?
582 1981 762 2027 Optarem
786 1988 876 2011 sane
898 1973 909 2024 (
927 1982 966 2009 ut
990 1973 1093 2010 salva
1114 1980 1240 2009 vestra
1268 1970 1420 2009 Sereni-

413 2048 488 2076 tate
514 2039 532 2057 *
568 2037 606 2073 id
637 2048 791 2086 quoque
834 2032 1023 2083 eloquar)
1051 2033 1153 2069 hunc
1190 2031 1312 2068 zelum
1352 2043 1421 2066 vos

413 2097 625 2136 exercuisse
652 2097 691 2133 in
719 2094 910 2145 puerum*
936 2097 1076 2142 Regem
1101 2120 1110 2138 ‚
1143 2092 1209 2141 qui
1232 2104 1309 2128 non
1342 2099 1416 2127 tam

413 2159 624 2210 pueriliter,
654 2169 767 2207 quam
801 2155 1018 2201 crudeliter,
1050 2154 1131 2191 sine
1165 2166 1277 2190 causa
1313 2152 1421 2189 irrita

415 2219 503 2256 secit
523 2227 559 2256 ct
583 2226 708 2255 vestra
725 2229 814 2253 sane
835 2215 992 2252 consilia
1007 2243 1017 2261 ,
1039 2223 1075 2251 et
1100 2227 1167 2250 sua
1187 2222 1310 2263 pacta.
1333 2213 1419 2250 Sine

414 2293 526 2317 causa
557 2290 713 2327 regnum
746 2289 857 2313 suum
881 2274 1086 2312 conturbat
1114 2289 1121 2311 :
1145 2273 1244 2311 bella
1277 2273 1421 2323 ubique

413 2340 517 2377 coelis
539 2338 722 2387 terrisque
743 2336 897 2374 suscitat
920 2350 927 2372 ε
951 2335 1127 2372 ecclesias
1148 2342 1292 2380 vastat,
1315 2347 1420 2371 sacra

413 2408 594 2444 temerat,
625 2398 764 2434 exaltat
799 2396 974 2446 iniquos,
1005 2395 1129 2432 bonos
1162 2395 1419 2445 persequitur,

413 2459 566 2510 perimit
590 2459 823 2495 innocentes.
848 2460 960 2502 Haec,
985 2456 1140 2505 inquam
1158 2484 1167 2502 ,
1193 2455 1331 2491 vellem
1354 2467 1421 2491 vos

413 2520 567 2564 dolere,
593 2518 651 2554 his
677 2516 939 2553 contradicere
966 2524 1004 2552 et
1030 2515 1227 2560 resistere,
1251 2514 1356 2564 quod
1382 2514 1419 2550 in

413 2578 524 2616 vobis
546 2587 613 2615 est.
633 2577 705 2616 Sed
728 2590 854 2614 meum
875 2589 950 2612 non
973 2584 1030 2613 est
1043 2575 1264 2624 magistrum
1283 2574 1421 2611 docere

413 2641 609 2678 joslenum
624 2666 633 2684 ,
656 2638 781 2674 minus
811 2645 937 2674 autem
964 2635 1247 2686 reprehendere
1272 2635 1420 2685 episco-
1440 2639 1472 2673 D

414 2714 526 2750 pum,
553 2699 618 2749 qui
644 2698 762 2747 magis
790 2711 850 2734 me
879 2706 917 2733 et
944 2697 1037 2733 alios
1059 2704 1261 2746 peccantes
1292 2695 1423 2732 redar-

415 2773 543 2808 guere,
559 2767 595 2795 et
615 2766 786 2795 errantes
807 2756 997 2805 corrigere
1014 2755 1138 2792 debet.
1162 2758 1217 2793 En
1236 2764 1421 2805 quantum

416 2833 486 2855 vos
510 2820 638 2855 timeo.
666 2818 837 2855 Clausam
869 2816 1017 2853 habetis
1050 2816 1270 2865 epistolam,
1289 2816 1352 2865 qui
1377 2816 1423 2853 de

418 2880 547 2929 priore
580 2886 710 2927 aperta
747 2877 844 2912 male
873 2876 1084 2925 suspicatus
1113 2876 1212 2912 estis.
1235 2879 1329 2913 Nam
1352 2889 1422 2925 ego

418 2938 572 2988 quidem
600 2937 691 2973 nihil
723 2936 761 2972 in
792 2936 863 2972 1100
884 2935 985 2972 aliud
1012 2936 1198 2985 cogitavi,
1225 2936 1295 2972 nisi
1318 2937 1421 2986 quod

418 2999 466 3035 ad
487 2998 657 3034 diversos
677 2995 906 3033 scribentem
928 3009 1079 3032 necesse
1100 3004 1155 3032 cst
1175 2995 1312 3046 ,juxta
1333 3010 1425 3034 con-

418 3058 657 3096 suetudinem
681 3086 690 3103 ,
727 3057 926 3106 epistolam
962 3069 1047 3093 cera
1083 3070 1160 3093 non
1201 3057 1377 3094 claudere
1392 3059 1420 3094 *ζ

418 3124 501 3157 ,lam
523 3126 560 3155 et
582 3130 652 3168 pro
675 3117 746 3153 hoc
768 3129 922 3166 quoque
944 3116 1092 3153 veniam
1114 3125 1216 3166 peto.

1484 1915 1586 1951 falsae
1609 1912 1689 1962 spei
1712 1922 1826 1960 quam
1854 1908 1900 1944 de
1926 1920 1971 1944 eo
2001 1917 2254 1956 conceperam
2273 1919 2281 1941 ε
2299 1912 2337 1941 et
2355 1903 2530 1954 gratias⁷÷1

1486 1987 1580 2024 ago,
1604 1971 1709 2022 quod
1733 1983 1805 2021 pro
1831 1981 1877 2005 eo
1906 1966 2130 2016 simpliciter
2161 1964 2380 2014 supplicans
2413 1974 2487 2001 nou
2519 1978 2527 1999 J

1488 2034 1625 2071 fuerim
1660 2030 1871 2069 exauditus.
1909 2026 2096 2065 Putabam
2131 2038 2192 2062 me
2227 2024 2375 2062 deferre
2413 2022 2526 2076 regijz

1485 2094 1644 2145 pacifico
1681 2107 1689 2130 :
1725 2100 1762 2128 et
1796 2102 1884 2128 ecce
1920 2088 2098 2125 invenior
2135 2084 2360 2137 gravissimo
2395 2082 2488 2121 hosti
2517 2101 2528 2137 ⁴·

1486 2153 1661 2191 Ecclesiae
1696 2149 1946 2188 assentasse*.
1979 2146 2263 2187 Conculcantur
2293 2142 2396 2195 apud
2422 2154 2505 2180 nose

1488 2221 1635 2260 sancta,
1654 2211 1823 2250 Ecclesia
1847 2209 2012 2260 turpiter
2031 2207 2243 2245 ancillatur.
2260 2208 2356 2243 Nam
2370 2211 2408 2241 et
2416 2190 2521 2256 ele-ff-

1488 2274 1634 2310 ctiones
1654 2271 1924 2322 episcoporum
1950 2267 2208 2319 prohibentur
2231 2264 2311 2302 fieri
2337 2279 2346 2302 z
2368 2271 2406 2300 et
2421 2254 2523 2300 sio-³·

1488 2333 1556 2371 ubi
1590 2332 1626 2369 id
1654 2339 1931 2382 praesumptum
1961 2342 1981 2366 a
2009 2327 2156 2366 clericis
2186 2326 2299 2364 fuerit
2321 2353 2330 2372 ‚
2354 2324 2488 2362 electus
2522 2343 2525 2348 ·

1487 2392 1701 2443 episcopari
1717 2404 1793 2428 non
1809 2391 1958 2427 sinitur.
1981 2389 2158 2438 Denique
2177 2386 2284 2425 sedet
2296 2385 2334 2423 111
2347 2380 2518 2422 tristitia*-

1488 2452 1651 2490 Ecclesia
1672 2451 1910 2496 parisiensis,
1928 2448 2088 2500 proprio
2110 2447 2293 2484 destituta
2307 2452 2487 2496 pastores
2522 2463 2525 2472 ι

1487 2521 1524 2550 01
1546 2526 1659 2549 nemo
1686 2520 1764 2558 est,
1794 2511 1859 2562 qui
1888 2510 1934 2548 de
1963 2507 2230 2547 substituendo
2256 2507 2330 2544 alio
2357 2503 2522 2552 mutiny

1488 2572 1636 2610 audeat.
2500 2562 2501 2565 ’

1542 2634 1577 2671 2.
1611 2637 1695 2671 Non
1728 2631 1867 2669 suffieit
1900 2630 2056 2681 spoliari
2093 2628 2207 2666 bonis
2243 2623 2506 2679 praesentim&¹

1491 2693 1627 2730 domos
1654 2693 1887 2743 episcopales
1909 2707 1916 2729 :
1937 2692 2047 2729 etiam
2075 2691 2115 2727 in
2143 2698 2263 2727 terras
2277 2718 2286 2736 ‚
2303 2695 2341 2725 et
2360 2687 2400 2724 in
2421 2685 2501 2724 llo-⁵

1495 2754 1616 2791 mines
1640 2767 1774 2790 manus
1797 2753 1978 2802 sacrilega
2001 2754 2296 2800 circumquaque
2316 2744 2486 2791 desaevit,
2517 2766 2523 2781 ·.

1493 2816 1611 2852 totius
1632 2815 1790 2865 insuper
1806 2814 1895 2851 anni
1913 2827 1960 2850 ex
1973 2813 2027 2850 eis
2049 2812 2120 2850 sibi
2138 2811 2284 2848 reditus
2302 2801 2490 2847 vindicari·
2514 2826 2525 2841 ι,

1492 2876 1554 2912 dn.
1583 2880 1714 2913 Vestra
1743 2874 2028 2913 Catalaunensis
2054 2873 2141 2910 fecit
2161 2871 2317 2922 quidem
2345 2865 2523 2906 electioe··

1489 2950 1605 2982 nem3
1639 2936 1704 2974 sed
1728 2936 1793 2986 qui
1826 2936 1969 2973 electus
1999 2943 2054 2972 est
2076 2933 2111 2980 *,
2139 2945 2226 2970 ecce
2253 2930 2333 2981 jam
2361 2925 2522 2969 diebus32

1495 2997 1623 3033 multis
1641 2995 1770 3033 debito
1790 2996 1940 3032 honore
1966 2995 2182 3039 frustratur,
2201 3000 2240 3029 et
2263 2989 2364 3028 scitis
2380 2995 2497 3038 quam¹

1492 3069 1570 3093 non
1592 3056 1735 3107 absque
1766 3056 1871 3106 gravi
1894 3055 2018 3106 gregis
2044 3052 2225 3091 dominici
2251 3049 2488 3089 detrimento.

1490 3117 1689 3155 Commisit
1704 3121 1786 3155 Rex
1807 3129 1990 3166 germano
2011 3128 2080 3153 suo
2095 3112 2270 3152 Roberto
2287 3110 2389 3148 vices
2409 3105 2488 3158 epi-

1490 3178 1595 3228 scopi
1609 3176 1626 3200 l’
1642 3193 1650 3215 z
1671 3186 1707 3214 et
1730 3178 1792 3214 ille
1810 3177 1848 3214 in
1867 3176 2012 3214 cunctis
2027 3175 2138 3212 terris
2155 3172 2344 3223 rebusque
2364 3167 2488 3207 Eccle-

474 3295 579 3328 ΙΡ5111.
595 3306 670 3333 xxv,
689 3299 719 3326 5.
736 3313 779 3317 —-
800 3302 811 3316 ²
830 3295 912 3326 Psal.
927 3298 1168 3333 cxxxv1¹1,9,l.
1191 3313 1235 3317 —
1258 3292 1271 3315 ³
1286 3298 1404 3327 Jerem.
1421 3307 1522 3333 xvm,
1543 3300 1586 3328 20
1599 3321 1607 3335 ,
1625 3301 1680 3328 21.

467 3358 479 3372 ²¹
501 3355 618 3396 Scripta
633 3365 714 3385 anno
734 3352 845 3385 Christi
868 3356 967 3386 1148.
989 3372 1032 3377 -—
1054 3347 1068 3370 ¹¹
1089 3353 1169 3384 Vide
1188 3354 1349 3396 epistolam
1368 3358 1433 3386 ‘2¹22
1447 3379 1454 3391 ,
1471 3366 1502 3385 n.
1524 3359 1552 3387 1.
