2517 3936
991 343 1315 390 INCIPIUNT

368 517 744 575 CAPITULA
790 519 1177 576 HAERESUM
1218 520 1438 574 PETRI
1480 520 1927 579 ABAELARDI.

107 816 135 845 1.
164 812 332 844 Horrenda
352 811 523 844 similitudo
537 812 576 843 de
597 811 697 854 sigillo
723 823 804 843 aereo
818 837 825 851 ‚
848 812 886 844 de
907 813 1008 855 speeie
1025 819 1054 844 et
1071 809 1174 855 ge-⁰⁵‘·'
1187 823 1246 851 111,
1273 819 1368 861 Quod
1400 829 1437 849 oa
1454 821 1539 849 Deus
1565 819 1761 851 solummodo
1781 822 1877 863 possit
1890 822 2009 863 facere,
2028 826 2074 857 xe1
2089 827 2189 860 dimit,

442 877 516 898 nere
530 866 569 898 ad
586 866 787 898 Tslllllssleffi·
1139 874 1168 906 A
1232 880 1296 905 tere
1311 899 1317 912 ,
1345 873 1393 904 vel
1409 883 1446 904 eo
1463 872 1557 904 modo
1577 879 1697 904 tantum
1709 898 1716 911 ‚
1740 875 1786 905 rel
1807 887 1844 907 eo
1864 883 2003 920 tempore
2023 891 2084 922 quo
2101 881 2186 920 facit,

1233 939 1297 959 non
1317 927 1391 959 alio.

162 1008 176 1023 «ε
200 992 294 1027 Cum
324 989 508 1040 sapientia
536 989 607 1027 Dei
639 989 814 1039 quaedam
847 989 894 1026 sit
923 990 1113 1040 potentia,

109 1068 124 1083 »
144 1051 241 1088 sicut
261 1064 401 1087 aereum
424 1050 587 1100 sigillum
609 1058 665 1086 est
685 1049 878 1100 quoddam
900 1063 950 1086 aes
968 1066 977 1096 3
999 1051 1117 1100 liquet
1237 1074 1251 1089 «
1276 1060 1355 1094 Hac
1382 1057 1531 1093 ratione
1557 1070 1632 1106 qua
1658 1058 1918 1106 convincitur,
1947 1063 2050 1110 quod
2081 1067 2184 1101 Dens

109 1134 124 1150 υ
140 1117 314 1168 profecto
333 1117 500 1154 divinam
523 1117 746 1167 sapientiam
768 1131 811 1153 ex
836 1117 964 1154 divina
984 1125 1118 1167 poten·
1185 1134 1199 1150 »
1221 1120 1333 1154 Pater
1366 1125 1440 1152 tam
1475 1115 1619 1153 bonum
1656 1117 1785 1165 genuit
1823 1119 1956 1156 Filium
2001 1133 2183 1171 quantum

110 1195 125 1211 »
143 1178 195 1214 tia
216 1191 297 1214 esse
331 1190 442 1214 suum
466 1177 624 1224 habere,
647 1177 693 1214 ad
711 1190 793 1215 eam
814 1178 992 1215 videlieet
1012 1178 1118 1214 simi-
1188 1194 1201 1209 υ
1221 1176 1368 1226 potuit,
1385 1189 1472 1213 eum
1487 1175 1665 1212 videlicet
1679 1177 1787 1213 aliter
1802 1191 1887 1215 reus
1907 1190 2001 1217 esset
2016 1182 2185 1230 invidiae3

110 1255 126 1270 ³>
145 1234 369 1284 lstudineni,
389 1251 464 1287 qua
496 1238 658 1287 sigillum
694 1251 835 1274 aereum
867 1238 1006 1275 dieitur
1037 1251 1118 1275 esse
1187 1254 1202 1270 υ
1225 1237 1369 1273 clarum
1396 1245 1452 1273 est
1476 1236 1589 1272 etiam
1617 1237 1746 1273 omnia
1769 1251 1852 1286 quae
1875 1239 1982 1286 facit,
2005 1252 2188 1291 quantum

110 1315 124 1330 υ
145 1297 251 1348 quod
269 1305 326 1334 est
343 1296 426 1346 ejus
447 1298 629 1344 materia;
650 1298 710 1334 vel
732 1298 876 1348 species
896 1311 943 1335 ex
960 1311 1117 1348 genere,
1188 1315 1202 1330 »
1223 1305 1365 1347 potest,
1385 1296 1537 1346 egregia
1556 1297 1700 1343 facere,
1716 1310 1785 1334 nec
1806 1298 1924 1335 ullum
1946 1303 2189 1340 commodum

109 1376 123 1391 υ
143 1357 247 1408 quod
273 1358 381 1408 quasi
409 1358 566 1395 materia
591 1359 731 1408 speciei
761 1359 901 1396 dicitur
931 1372 1012 1396 esse
1031 1388 1040 1405 ‚
1076 1367 1118 1395 ut
1186 1358 1325 1408 »quod
1353 1357 1527 1394 conferre
1558 1358 1699 1407 possit,
1730 1357 1953 1397 subtrahere
1984 1363 2092 1399 velle.
2113 1381 2126 1396 υ
2144 1368 2191 1401 Et

110 1435 125 1452 »
142 1417 285 1456 animal
312 1418 490 1455 hominis.
519 1418 624 1457 Sicut
653 1419 753 1455 enim
784 1433 829 1456 ex
859 1433 904 1456 eo
934 1419 1041 1469 quod
1061 1427 1117 1456 est
1184 1427 1273 1468 post
1294 1431 1416 1468 pauca
1439 1433 1447 1455 :
1471 1435 1485 1451 «
1507 1421 1551 1454 In
1570 1426 1717 1454 tantum
1738 1419 1775 1455 in
1796 1419 1973 1457 omnibus
1990 1435 2073 1471 quae
2088 1427 2190 1460 Deus

110 1496 125 1512 υ
144 1492 286 1515 aereum
306 1478 490 1528 sigillum,
507 1479 622 1528 exigit
639 1480 852 1516 necessario
870 1479 975 1529 quod
991 1492 1039 1515 aes
1057 1479 1116 1524 sit,
1184 1496 1198 1511 »
1216 1478 1324 1525 facit,
1347 1478 1452 1528 quod
1477 1477 1624 1514 bonum
1649 1487 1705 1514 est
1729 1480 1907 1526 attendit,
1927 1490 1967 1517 ut
1991 1482 2073 1532 ipso
2098 1482 2189 1520 boni

108 1556 123 1571 1>
141 1547 178 1576 et
194 1552 239 1575 ex
257 1552 303 1576 eo
319 1538 424 1588 quod
438 1547 493 1575 est
511 1539 627 1575 homo
646 1547 687 1576 ut
704 1539 843 1576 animal
861 1540 930 1586 sit,
950 1539 1014 1576 sed
1037 1552 1115 1575 non
1186 1556 1200 1570 υ
1220 1538 1345 1587 pretio
1371 1537 1501 1587 potius
1531 1551 1644 1587 quam
1667 1538 1873 1575 voluntatis
1902 1553 1978 1576 suae
2008 1541 2114 1578 libito
2142 1544 2188 1580 ad

109 1617 124 1633 »
142 1612 162 1636 e
179 1599 372 1636 contrario
391 1613 399 1634 τ
418 1599 471 1635 ita
491 1599 621 1636 divina
640 1600 823 1650 sapientia
840 1629 848 1646 ,
867 1613 952 1650 quae
973 1608 1029 1637 est
1046 1613 1117 1649 po-
1136 1600 1164 1635 B
1184 1615 1197 1630 υ
1219 1598 1364 1647 singula
1387 1597 1558 1634 facienda
1579 1597 1753 1634 inclinari
1768 1598 1926 1636 dicatur.
1943 1618 1957 1633 »
1975 1604 2069 1638 Item
2084 1617 2091 1638 :
2107 1619 2120 1634 «
2133 1606 2189 1640 Ex

110 1676 125 1692 υ
144 1659 258 1697 tentia
280 1659 544 1705 discernendi,
565 1660 682 1709 exigit
697 1660 801 1709 quod
823 1660 872 1696 sit
893 1660 1020 1697 divina
1041 1673 1116 1710 po-
1186 1676 1200 1690 u
1218 1658 1276 1695 his
1295 1658 1422 1708 itaque
1438 1666 1514 1694 tam
1534 1657 1581 1694 de
1600 1659 1746 1695 ratione
1765 1673 1877 1708 quam
1894 1660 1938 1697 (le
1955 1662 2095 1711 scripto
2115 1665 2190 1700 eol-

110 1737 124 1752 »
142 1719 281 1766 tentia,
302 1719 369 1756 sed
389 1732 468 1755 non
488 1732 509 1755 e
529 1719 737 1756 contrario.
755 1737 768 1752 »
787 1722 832 1756 Et
853 1728 940 1770 post
960 1733 1083 1770 pauca
1106 1734 1112 1756 :
1187 1736 1200 1751 »
1223 1719 1308 1755 latis
1335 1726 1503 1765 constat,
1527 1718 1565 1755 id
1601 1719 1725 1755 solum
1760 1723 1882 1756 Deum
1918 1722 2037 1758 faeere
2077 1736 2188 1772 posse

107 1796 122 1810 α
140 1779 358 1828 Benignitas
373 1778 455 1828 ipsa
469 1807 478 1825 ‚
496 1792 580 1829 quae
603 1779 676 1816 hoc
693 1779 848 1816 nomine
869 1779 973 1829 quod
995 1780 1115 1830 Spiri-
1182 1798 1196 1811 »
1217 1779 1322 1829 quod
1343 1778 1551 1829 aliquando
1574 1779 1673 1816 facit.
1694 1797 1707 1811 »
1727 1782 1771 1815 Et
1792 1789 1877 1830 post
1899 1794 2018 1830 pauca
2043 1797 2050 1818 :
2078 1798 2091 1813 α
2116 1783 2187 1831 Qui

106 1856 121 1871 υ
144 1847 203 1876 tus
226 1847 284 1876 est
300 1839 599 1884 demonstratur,
619 1852 697 1876 non
715 1847 771 1876 θεῖ
788 1839 825 1876 in
843 1843 925 1877 Deo
942 1840 1114 1890 potentia
1181 1858 1195 1872 n
1215 1841 1244 1877 si
1266 1840 1363 1876 mala
1390 1853 1474 1889 quae
1500 1841 1598 1876 fiunt
1629 1839 1843 1876 disturbare
1872 1849 2018 1890 posset,
2053 1855 2122 1878 nec
2149 1842 2187 1878 id

107 1900 218 1938 »sive
237 1900 434 1951 sapientia.
453 1916 467 1932 »
1182 1918 1195 1933 υ
1217 1900 1331 1938 etiam
1358 1900 1430 1937 nisi
1456 1908 1678 1950 opportune
1708 1900 1872 1946 faceret,
1895 1901 1959 1950 qui
1992 1901 2083 1937 nihil
2111 1902 2186 1938 im-

1184 1979 1198 1993 »
1219 1970 1387 2012 portune
1419 1961 1541 1997 facere
1572 1968 1700 2010 potest
1722 1976 1729 1997 :
1755 1961 1927 2010 profecto
1951 1974 2029 1998 non
2048 1962 2160 1999 video
2177 1992 2186 2009 ‚

1184 2038 1198 2054 υ
1221 2020 1417 2071 quomodo
1434 2020 1597 2070 peccatis
1616 2021 1856 2057 consentiens
1877 2034 1954 2057 non
1973 2030 2079 2058 esset.
2096 2022 2186 2071 Quis

160 2103 174 2119 a
191 2088 285 2124 Cum
306 2086 435 2137 itaque
456 2094 531 2123 tam
552 2086 688 2131 Filius,
708 2099 820 2136 quam
842 2085 1005 2136 Spiritus
1025 2099 1115 2123 san-
1184 2098 1198 2114 υ
1220 2081 1320 2117 enim
1343 2080 1560 2118 consentire
1582 2081 1683 2117 malo
1702 2081 1883 2118 dicendus
1902 2090 1969 2127 est,
1983 2083 2053 2119 nisi
2072 2083 2102 2119 is
2117 2096 2186 2133 per

106 2164 121 2180 »
140 2155 222 2184 ctus
237 2160 285 2184 ex
300 2150 411 2184 Patre
428 2147 496 2193 sit,
513 2146 573 2183 hic
591 2145 745 2196 quidem
763 2146 932 2196 genitus,
954 2146 1015 2183 ille
1029 2160 1116 2196 pro-
1183 2159 1197 2175 »
1219 2155 1333 2191 quem
1369 2142 1482 2178 etiam
1514 2150 1733 2191 opportune
1764 2141 1969 2179 disturbari
1998 2151 2124 2192 posset
2141 2145 2155 2179 Ρ
2171 2161 2184 2174 »

107 2225 121 2241 »
140 2207 299 2254 ceden53
319 2206 448 2244 differt
464 2207 502 2243 in
524 2220 569 2243 eo
592 2207 787 2256 generatio
807 2207 889 2257 ipsa
913 2220 934 2242 a
954 2219 1115 2256 proees-
1182 2207 1276 2240 Item
1300 2219 1308 2240 ε
1330 2220 1344 2235 «
1364 2203 1558 2241 Praedictis
1592 2204 1721 2253 itaque
1756 2203 1966 2239 rationibus
1989 2203 2046 2239 vel
2077 2202 2183 2252 obje-

107 2285 123 2301 υ
143 2268 250 2305 sione
265 2298 276 2316 ,
299 2268 405 2318 quod
429 2268 460 2304 is
483 2267 549 2317 qui
575 2275 779 2316 generatur
806 2280 853 2303 ex
884 2267 964 2317 ipsa
995 2267 1116 2304 Patris
1186 2282 1199 2297 υ
1217 2273 1366 2302 ntorum
1383 2263 1640 2302 solutionibus
1657 2265 1799 2313 liquere
1818 2277 1904 2300 reor
1924 2263 2120 2310 omnibus,
2140 2277 2183 2301 ea

106 2345 121 2362 »
141 2327 351 2366 substantia
375 2336 450 2374 est,
474 2341 561 2364 cum
588 2327 670 2377 ipsa
683 2355 692 2372 ,
716 2335 757 2363 ut
783 2326 925 2370 dietum
955 2335 1030 2374 est,
1047 2330 1115 2364 Sa—
1184 2343 1197 2357 »
1216 2325 1461 2362 solummodo
1477 2327 1599 2361 Deum
1620 2337 1730 2373 posse
1748 2325 1886 2367 facere,
1901 2323 1960 2359 vel
1979 2323 2180 2369 dimittere,

107 2405 122 2421 υ
143 2388 289 2439 pientia
303 2388 376 2425 hoc
392 2388 516 2438 ipsum
536 2400 616 2424 esse
636 2387 795 2433 habeat,
818 2395 859 2424 ut
877 2387 923 2424 sit
941 2387 1116 2436 quaedam
1135 2389 1162 2424 C
1185 2404 1199 2419 »
1219 2387 1279 2423 vel
1301 2400 1347 2423 eo
1368 2386 1483 2423 modo
1506 2394 1673 2431 tantum,
1689 2384 1746 2421 vel
1768 2398 1812 2421 eo
1835 2392 2003 2432 tempore
2024 2397 2100 2432 quo
2124 2384 2180 2420 fa·

106 2465 121 2482 υ
140 2448 326 2499 potentia.
345 2466 360 2482 υ
390 2451 438 2484 Εῖ
470 2456 559 2498 post
598 2461 720 2498 pauca
747 2463 755 2484 :
786 2464 800 2479 «
823 2448 986 2498 Spiritus
1022 2461 1115 2485 vero
1184 2464 1198 2480 »
1220 2448 1287 2495 cit,
1308 2461 1387 2484 non
1409 2448 1496 2485 alio.
1517 2465 1530 2479 υ

109 2526 123 2541 »
144 2508 318 2558 quamvis
338 2506 510 2557 ejusdem
534 2506 756 2544 substantiae
782 2508 829 2544 sit
848 2521 933 2544 eum
951 2511 1062 2545 Patre
1079 2516 1116 2545 et

108 2586 123 2602 »
142 2569 260 2616 Filio,
281 2569 384 2606 unde
413 2569 528 2606 etiam
557 2568 720 2605 Trinitas
745 2569 829 2618 ipsa
857 2568 1088 2605 homousion
1102 2597 1112 2613 ‚
1182 2580 1242 2608 IV.
1270 2576 1365 2617 Quod
1387 2576 1527 2608 Christus
1540 2586 1604 2607 nou
1617 2575 1779 2616 assumpsit
1793 2583 1936 2609 carnem,
1960 2578 1993 2603 ut
2008 2583 2063 2603 nos
2077 2583 2094 2603 a
2107 2573 2178 2614 jugo

129 2003 172 2032 II.
198 2000 293 2042 Quod
311 1998 444 2042 Spiritus
460 2005 585 2030 sanctus
604 2010 668 2030 non
687 2000 728 2030 sit
744 1999 782 2030 de
797 1999 970 2031 substantia
983 2001 1093 2032 Patris.

109 2647 124 2664 »
144 2629 182 2666 id
205 2638 263 2666 est
287 2629 400 2666 unius
425 2624 666 2676 substantiae,
689 2628 935 2679 praedicatur,
960 2628 1115 2665 minime
1535 2630 1653 2661 diaboli
1673 2629 1828 2660 liberaret.

107 2708 122 2724 υ
139 2698 266 2727 tamen
284 2703 332 2727 ex
354 2689 567 2726 substantia
585 2690 706 2726 Patris
726 2697 783 2726 est
803 2697 868 2725 aut
886 2688 990 2734 Filii,
1009 2687 1114 2738 quod
1166 2731 1172 2739 .

110 2768 125 2784 »
144 2759 242 2788 esset
255 2751 381 2800 ipSum
396 2762 444 2786 GK
459 2752 569 2786 Patre
582 2750 643 2786 Vel
659 2749 754 2786 Filio
767 2749 870 2799 gigni
888 2764 895 2785 ἔ
915 2748 982 2785 sed
997 2748 1114 2798 magis
1235 2771 1247 2786 c·
1274 2751 1475 2790 Sciendum
1498 2759 1553 2787 est
1575 2748 1677 2798 quod
1701 2759 1832 2784 omnes
1857 2745 1976 2782 nostri
2005 2744 2179 2781 doctores

109 2828 125 2845 »
142 2824 190 2848 ex
214 2810 307 2861 ipsis
327 2809 441 2846 habet
462 2808 693 2859 procedere,
713 2809 817 2858 quod
843 2817 900 2845 est
925 2813 1051 2846 Deum
1075 2821 1115 2845 se
1181 2832 1195 2847 »
1216 2815 1283 2863 qui
1300 2821 1388 2863 post
1409 2811 1613 2861 Apostolos
1632 2810 1735 2845 fuere
1748 2836 1757 2853 ,
1776 2807 1813 2842 in
1832 2806 1903 2842 hoc
1930 2804 2178 2849 conveniunt,

109 2888 124 2905 '²
143 2884 214 2921 Pffl'
233 2870 455 2907 Charitsstem
490 2868 537 2905 ad
568 2869 730 2906 alterum
750 2868 969 2905 extendere·
1004 2871 1117 2916 QUO-
1184 2893 1198 2907 »
1218 2874 1323 2924 quod
1342 2872 1514 2909 diabolus
1533 2869 1743 2906 dominium
1764 2875 1801 2903 et
1820 2872 2045 2915 potestatem
2062 2863 2179 2899 habe-

108 2951 123 2967 »
145 2931 352 2970 dammodo
372 2932 512 2968 etenim
534 2945 603 2981 per
620 2944 789 2968 amorem
809 2931 1072 2979 unusquisque
1095 2943 1115 2966 a
1184 2953 1198 2968 »
1219 2935 1284 2971 bat
1304 2947 1418 2983 super
1432 2931 1643 2975 hominem,
1662 2926 1794 2976 etjure
1816 2939 1900 2963 eum
1916 2923 2145 2975 possidebat.
2164 2941 2176 2955 »

110 3010 124 3025 »ι
144 3006 183 3029 εθ
204 2993 288 3042 ipso
303 2992 351 3029 ad
371 2993 530 3029 alterum
548 2991 743 3041 procedit,
763 3004 848 3027 cum
870 2990 1047 3040 proprie,
1072 2998 1115 3026 ut
1180 2998 1227 3032 Et
1246 3002 1333 3044 post
1353 3005 1470 3042 pauca
1492 3006 1499 3027 2
1521 3007 1535 3022 «
1552 2993 1628 3027 Nec
1649 2987 1822 3024 diabolus
1849 2997 2016 3034 unquam
2031 2983 2094 3032 jus
2112 2983 2180 3019 ali—

108 3071 122 3087 »
142 3053 286 3090 dictum
302 3060 377 3097 est,
398 3065 512 3089 nemo
533 3051 580 3088 ad
603 3065 642 3088 se
663 3052 787 3101 ipsum
803 3051 1024 3087 charitatem
1044 3050 1114 3086 ha-
1182 3073 1197 3088 „
1217 3054 1322 3104 quod
1351 3051 1481 3088 habuit
1510 3061 1624 3098 super
1652 3047 1845 3083 hominem
1859 3074 1868 3091 ,
1889 3044 1953 3081 sed
1977 3043 2064 3092 jure
2092 3054 2176 3077 eum

111 3129 126 3145 »
144 3112 236 3149 bere
257 3112 416 3158 dicatur,
439 3120 482 3149 ut
506 3111 577 3149 Sibi
601 3111 675 3161 ipsi
703 3110 889 3160 benignus
912 3119 1030 3157 esset,
1049 3110 1114 3147 sed
1181 3134 1195 3149 >2
1217 3112 1435 3165 possidebat
1463 3110 1705 3160 permittente
1722 3136 1731 3152 ,
1763 3114 1804 3142 ut
1834 3103 2060 3141 carcerarius
2079 3117 2087 3145 3
2109 3114 2177 3136 nee

111 3190 126 3206 '’
145 3173 254 3210 alteri
274 3187 282 3209 ἰ
309 3173 474 3209 maXime
496 3180 624 3209 autem
649 3175 752 3208 DCUS
766 3199 776 3217 ,
799 3171 864 3220 qui
892 3171 1033 3207 nullius
1052 3171 1114 3207 in-
1131 3180 1164 3213 D
1182 3193 1195 3209 »
1217 3175 1284 3224 [ut
1304 3171 1410 3220 eum]
1428 3170 1541 3208 Filius
1564 3168 1633 3205 Dei
1654 3181 1674 3203 a
1687 3166 1779 3214 jugo
1809 3163 1948 3200 diaboli
1977 3160 2175 3204 liberaret,

110 3251 125 3266 »
145 3233 269 3283 diget,
288 3246 375 3282 erga
396 3246 436 3269 se
454 3233 578 3282 ipsum
595 3231 840 3281 benignitatis
856 3232 993 3268 affeetu
1011 3245 1115 3268 eom-
1189 3252 1204 3266 »
1225 3245 1376 3270 carnem
1396 3228 1608 3277 assumpsit.
1628 3244 1641 3258 υ
1658 3229 1703 3262 Εῖ
1723 3231 1808 3273 post
1826 3234 1943 3286 pauca
1961 3235 1968 3256 :
1987 3236 1999 3249 α
2013 3222 2178 3265 Quomo-

110 3313 124 3327 »
144 3294 290 3330 moveri
317 3307 392 3330 non
421 3302 548 3343 potest
562 3322 571 3338 ,
600 3302 643 3330 ut
669 3293 742 3330 sibi
776 3292 919 3342 aliquid
941 3306 987 3328 ex
1007 3292 1116 3328 beni-
1184 3312 1198 3327 »
1220 3293 1269 3329 do
1286 3288 1561 3340 nosjustifieari
1577 3287 1631 3322 vel
1650 3282 1882 3321 reconciliari
1899 3283 1979 3344 Deo
1995 3290 2063 3326 per
2080 3289 2179 3312 mor-

112 3372 126 3387 »
142 3354 284 3404 gnitate
298 3353 515 3404 impendat,
532 3354 596 3390 sed
615 3366 702 3402 erga
722 3361 913 3389 creaturas
928 3360 1087 3388 tantum.
1101 3370 1114 3384 ι»
1185 3372 1197 3385 ›·
1221 3361 1294 3389 tem
1317 3350 1398 3388 Filii
1417 3347 1499 3396 ejus
1527 3346 1616 3381 dicit
1643 3341 1866 3392 Apostolus,
1885 3351 1950 3387 qul
1972 3343 2076 3372 tanto
2098 3348 2177 3371 am-
