2565 3952
54 154 121 192 141

971 157 1239 192 EPISTOLAE.

2084 165 2157 202 1-22

49 245 148 270 mam
169 237 205 280 ¹3
225 238 263 268 et
282 229 388 280 quod
415 233 499 268 Deo
520 231 707 268 veraciter
724 231 895 278 canitur,
929 235 1067 268 Perdes
1085 233 1116 252 ²⁴
1139 243 1192 272 tes
1213 235 1325 271 simul
1347 244 1384 272 et
1406 235 1604 283 invidere,
1632 245 1669 273 et
1690 236 1837 275 vivere.
1857 240 1956 287 Quid
1978 244 2160 281 molestus

49 306 174 331 omnes
194 294 260 341 qui
275 294 477 340 loquuntur
491 294 731 328 mendacium
746 299 780 339 ²;
799 300 835 329 et
851 293 941 343 quia
963 307 1073 329 unus-
1091 296 1118 328 Α
1140 309 1178 333 es
1202 296 1308 332 fratri
1334 304 1398 332 tuo
1415 326 1424 339 ,
1455 297 1638 346 quoniam
1671 298 1806 345 satagit
1833 301 2158 348 quemadmodum

49 359 209 405 quisque
225 367 316 389 onus
329 367 434 388 suum
447 353 616 402 portabit
634 353 662 399 3,
681 361 718 389 ct
737 359 992 403 [tuasquiaque
1003 368 1074 403 pro

48 430 88 454 se
101 419 282 452 rationem
297 416 430 451 reddet
440 415 466 451 ⁴'.
481 415 662 464 Alioquin
678 427 753 464 qua
770 414 897 452 fronte
913 416 1073 466 psallam

50 477 242 516 mentiens
259 477 298 513 in
329 486 542 527 conspectu
562 477 633 514 Dei
660 485 697 513 et
717 477 954 526 Angelorum
977 477 1073 514 illud

49 538 96 576 de
111 537 262 576 Psalmo
283 553 290 575 :
309 539 482 574 Reddam
501 537 568 573 tibi
587 547 678 574 vola
700 551 786 573 mea
800 568 810 584 ,
837 552 922 587 quse
939 540 1073 574 distite-

49 608 187 637 xerunt
215 598 320 635 labia
356 612 442 635 mea
474 597 487 621 ⁵
508 600 522 635 Ρ
555 598 704 636 Viderit
738 598 905 649 denique
952 598 1069 636 abbas

49 673 174 707 meus,
196 659 290 710 quid
306 658 379 697 sibi
398 659 615 697 faciendum
640 668 752 710 putet
768 659 814 696 (le
831 673 878 697 eo
899 659 1003 710 quod
1022 673 1070 696 ex

47 722 194 772 Regula
207 721 255 758 ad
270 722 398 772 ipsum
416 721 633 772 specialiter
653 720 850 771 dirigitur,
869 738 883 753 τι
902 724 956 759 L‘t
972 733 1069 772 prae-

49 799 66 816 »
85 790 232 820 sentem
262 782 435 832 regulam
464 782 503 818 in
531 781 714 819 omnibus
735 789 939 819 conservet
963 796 970 819 :
994 799 1008 814 υ
1033 789 1071 818 et

48 844 159 891 item,
179 843 285 894 quod
309 844 581 881 universaliter
610 843 857 894 praecipitur,
889 851 927 880 et
955 856 1070 880 nemo

48 905 261 956 excipitur,
295 921 310 938 α
331 908 384 944 Ut
413 918 547 942 omnes
578 923 592 937 υ
618 905 764 942 scilicet
788 922 804 938 «
838 918 910 956 per
943 904 1073 941 omnia

48 983 64 1001 ι»
86 967 305 1017 magistram
325 975 538 1017 sequantur
558 967 751 1017 regulam3
782 980 853 1004 nec.
873 966 920 1004 ab
942 980 987 1004 ea
1011 974 1068 1003 te-

1142 370 1227 406 quae
1250 365 1524 407 processerunt
1548 357 1594 394 de
1618 356 1728 393 labiis
1750 359 1826 394 suis
1843 388 1852 405 ,
1874 372 1951 396 non
1981 361 2090 399 faciat
2112 364 2162 400 ir-

1142 418 1242 454 rita?
1260 418 1296 455 Si
1314 426 1460 468 quaerat
1478 418 1615 463 homo,
1639 417 1705 454 ubi
1733 426 1769 454 ct
1788 420 1985 468 quomodo
2013 424 2164 471 persol-

1143 487 1204 516 vat
1226 479 1329 529 quod
1359 479 1555 529 pollicitus
1578 488 1635 516 est
1669 483 1778 526 Deo3
1811 481 1904 530 quid
1941 490 1981 518 tu
2012 483 2164 532 perdis?

1140 540 1326 579 Fortassis
1350 541 1380 577 si
1407 540 1612 590 aliquanta:
1639 540 1813 590 pecuniae
1836 549 1876 577 tu
1901 555 1987 578 eum
2008 542 2163 580 debito—

1140 615 1221 638 rem
1241 609 1410 648 teneres,
1431 602 1594 638 circuire
1619 615 1775 651 cogeres
1798 615 1902 639 mare
1931 612 1967 639 et
1994 604 2136 640 aridam
2155 635 2163 651 ,

1138 661 1262 698 donec
1289 676 1411 712 usque
1430 661 1478 698 ad
1499 662 1751 698 novissimum
1783 663 2035 712 quadrantem
2058 664 2166 701 debi-

1138 731 1218 759 tum
1238 723 1417 760 redderet
1437 723 1676 760 universum.
1696 723 1797 771 Quid
1825 724 1941 774 igitur
1959 726 2099 762 meruit
2119 726 2166 763 de

1139 793 1175 821 te
1192 787 1296 822 Deus
1319 793 1407 821 tuus
1420 814 1430 832 ,
1451 785 1635 835 quoniam
1661 798 1739 822 non
1761 785 1817 821 vis
1834 793 1875 821 ut
1902 794 1939 822 et
1958 786 2039 836 ipse
2057 800 2076 823 a
2095 800 2164 824 suo

1139 845 1246 896 quod
1264 859 1375 883 suum
1401 855 1478 893 est,
1508 845 1683 883 debitore
1705 847 1888 898 recipiat?
1911 851 1994 884 Imo
2019 848 2165 885 11111111-

1139 908 1294 955 videns,
1318 907 1415 945 duos
1441 907 1511 945 tibi
1539 907 1668 945 reddis
1694 908 1865 945 infensos
1888 923 1895 944 :
1921 908 2012 945 dum
2033 917 2070 945 et
2091 909 2164 946 do-

1136 970 1285 1006 minum
1303 969 1404 1006 servi
1424 969 1631 1020 obsequio,
1656 978 1694 1006 et
1710 969 1856 1007 domiui
1874 970 1997 1020 gratia
2011 983 2163 1008 servum

49 1046 65 1064 υ
84 1041 189 1066 mere
220 1028 398 1066 devietur
417 1042 438 1066 a
458 1042 654 1079 quoquam
667 1027 695 1066 ⁶⁵.
720 1047 734 1061 »
756 1032 836 1079 Ego
864 1029 916 1066 sic
942 1028 1069 1079 ipsum
1092 1027 1119 1061 Β
1138 1030 1316 1067 fraudare
1338 1030 1502 1067 conaris.
1534 1033 1591 1067 Tu
1623 1043 1743 1080 quare
1777 1031 1885 1067 illum
1921 1031 2050 1081 potius
2084 1044 2162 1068 nou

48 1090 154 1140 sequi
178 1089 331 1128 decrevi
350 1103 504 1141 semper
524 1099 562 1128 et
578 1090 724 1141 ubique
747 1091 972 1141 magistrum
988 1119 997 1137 ,
1027 1098 1071 1127 ut

47 1164 291 1202 nequaquam
323 1165 344 1189 a
371 1152 547 1202 Regulae,
570 1165 686 1202 quam
718 1160 814 1189 teste
840 1153 924 1203 ipso
941 1150 1071 1202 juravi

48 1221 87 1250 et
103 1214 217 1251 statui
235 1213 447 1260 custodire,
475 1213 626 1250 deviem
649 1214 880 1264 magisterio.

106 1275 167 1312 18.
188 1277 449 1313 Occurramus
463 1274 634 1311 breviter
647 1274 863 1324 quaestioni,
879 1287 965 1323 quae
983 1287 1004 1310 a
1020 1274 1075 1310 la-

49 1342 131 1373 tere
156 1335 269 1373 nobis
289 1349 448 1386 surgere
465 1349 580 1386 posse
600 1335 752 1372 videtur
765 1364 775 1381 ,
796 1344 834 1372 et
850 1335 902 1371 sic
917 1334 998 1384 jam
1018 1334 1076 1371 ni-

48 1396 120 1433 mis
140 1396 295 1446 longam
324 1397 504 1434 finiamus
530 1396 747 1447 epistolam.
769 1395 913 1433 Videor
935 1408 1076 1446 nempe

48 1456 240 1494 contraria
258 1456 365 1507 loqui
387 1457 443 1494 rei
465 1470 582 1507 quam
602 1456 713 1494 facio.
741 1456 871 1505 Quaeri
894 1456 1035 1493 etenim
1053 1469 1075 1492 a

48 1530 110 1554 me
134 1526 262 1568 potest
283 1547 292 1561 ‚
318 1518 350 1555 si
371 1518 443 1556 hos
464 1517 606 1555 damno
620 1548 629 1565 ,
652 1518 719 1568 qui
742 1517 892 1555 abbatis
913 1518 970 1555 sui
994 1530 1074 1554 non

49 1579 175 1617 solum
201 1592 393 1617 consensu
409 1608 420 1626 ,
451 1578 519 1616 sed
547 1587 585 1616 et
605 1578 715 1629 jussu
740 1593 852 1616 suum
880 1587 1076 1616 monaste-

49 1640 148 1678 rium
170 1640 444 1687 deseruerunt,
465 1654 544 1691 quo
566 1649 681 1691 pacto
706 1641 792 1677 illos
816 1648 853 1678 et
873 1640 1075 1690 recipiam,

49 1709 88 1739 et
103 1702 310 1750 retineam,
327 1702 393 1753 qui
414 1702 462 1739 de
481 1702 564 1739 aliis
579 1702 822 1739 monasteriis
834 1730 843 1748 ,
863 1702 984 1738 fracto
1003 1709 1075 1738 sta-

49 1761 207 1801 bilitatis
226 1772 342 1811 voto,
364 1771 403 1801 et
423 1771 648 1814 contempto
666 1763 863 1800 seniorum
886 1762 1049 1813 imperio
1064 1791 1074 1809 ,

1137 1091 1321 1136 imitaris,
1355 1099 1393 1128 et
1425 1091 1507 1141 ipse
1542 1089 1720 1127 videlicet
1755 1091 2015 1141 persolvendo
2057 1091 2163 1141 quod

1139 1151 1286 1189 debes?
1316 1156 1479 1189 Putasne
1504 1160 1541 1188 ct
1565 1159 1673 1188 tuum
1698 1165 1777 1188 non
1808 1152 2027 1202 requiretur
2058 1151 2167 1189 debi—

1141 1221 1221 1249 tum
1237 1215 1251 1249 ,³
1271 1218 1329 1250 An
1350 1212 1480 1262 potius
1497 1221 1659 1262 propter
1677 1212 1749 1249 1100
1772 1213 1889 1261 magis
1906 1214 2032 1250 irritas
2049 1213 2166 1263 impie

1143 1277 1266 1312 Deum
1281 1303 1291 1321 ,
1311 1274 1401 1323 quia
1425 1273 1518 1310 dicis
1539 1273 1577 1309 in
1604 1273 1720 1310 corde
1739 1281 1807 1309 tuo
1820 1303 1829 1319 ,
1859 1277 1945 1311 Non
1966 1274 2167 1323 requiret?

1201 1336 1261 1372 19.
1283 1332 1405 1382 Quid,
1423 1333 1575 1382 inquis?
1597 1346 1730 1369 omnes
1749 1346 1839 1382 ergo
1855 1333 2014 1370 damnas
2031 1335 2098 1383 qui
2121 1334 2168 1370 si-

1144 1395 1285 1432 militer
1305 1408 1385 1431 non
1413 1393 1584 1430 faciunt?
1611 1396 1697 1430 Non
1721 1408 1728 1429 z
1752 1393 1817 1430 sed
1839 1393 1929 1430 audi
1946 1394 2039 1443 quid
2063 1403 2101 1431 et
2122 1394 2168 1431 de

1143 1456 1235 1507 ipsis
1256 1455 1439 1502 sentiam,
1461 1462 1499 1491 et
1525 1454 1607 1490 noli
1631 1454 1773 1491 frustra
1799 1455 2039 1492 calumniari.
2067 1455 2166 1504 Quid

1143 1531 1204 1555 me
1231 1518 1288 1554 vis
1316 1516 1495 1553 odiosum
1519 1516 1643 1552 facere
1666 1516 1798 1553 multis
1820 1516 1988 1554 millibus
2011 1526 2167 1555 sancto—

1144 1593 1256 1626 rum,
1291 1578 1357 1629 qui
1385 1577 1457 1615 sub
1480 1586 1613 1615 nostra
1645 1578 1887 1628 professione
1920 1592 1999 1615 non
2032 1587 2166 1616 nostro

1145 1649 1420 1679 conversantes
1440 1653 1571 1686 more,
1596 1648 1722 1676 tamen
1755 1649 1822 1676 aut
1849 1649 1977 1677 sancte
2007 1641 2166 1687 vivunt,

1142 1711 1206 1739 aut
1227 1701 1337 1739 beate
1361 1701 1532 1738 defuncti
1549 1709 1639 1737 sunt
1654 1701 1667 1736 9
1683 1704 1769 1738 Non
1791 1701 1928 1751 ignoro
1951 1701 2057 1751 quod
2079 1701 2168 1738 reli-

1143 1763 1271 1813 querit
1288 1762 1361 1798 sibi
1375 1765 1480 1799 Deus
1496 1769 1643 1811 septem
1663 1761 1780 1798 millia
1793 1762 1988 1809 virorum,
2007 1763 2166 1812 quinon

50 1823 99 1861 ad
114 1832 289 1862 nostrum
310 1824 498 1863 Ordinem
518 1823 693 1862 veniunt.
712 1823 771 1861 Ad
792 1823 897 1873 quod
918 1822 1075 1873 quidem
1096 1830 1122 1865 C
1143 1831 1405 1861 curvaverunt
1422 1835 1546 1873 genua
1565 1836 1632 1860 sua
1649 1831 1738 1859 ante
1752 1824 1840 1860 Baal
1853 1830 1895 1860 ¹⁰.
1917 1824 2015 1860 Audi
2034 1831 2165 1874 ergoss,

49 1883 179 1923 brevis
202 1885 404 1937 responsio
421 1914 431 1932 ,
449 1884 517 1922 sed
537 1885 766 1936 periculosa.
788 1888 935 1922 Vereor
958 1897 1071 1921 nam-

32 1946 126 1996 'que
151 1946 355 1998 displicere
380 1945 614 1997 quibusdam
639 1945 746 1997 quod
773 1945 945 1983 dicturus
973 1959 1071 1983 sum.

51 2010 240 2046 Caeterum
278 2008 371 2045 mihi
401 2008 520 2058 magis
544 2007 758 2045 verendum
790 2016 908 2058 puto,
946 2020 994 2044 ne
1017 2015 1075 2043 ta-

2 2113 10 2116 .
51 2068 176 2106 cendo
190 2069 415 2115 veritatem,
439 2070 549 2106 illum
565 2069 799 2106 versiculum
822 2082 900 2106 non
924 2068 1075 2105 veraci—

52 2139 111 2168 ter
136 2139 289 2168 cantem
319 2147 327 2169 :
354 2134 549 2168 „Iustitiam
579 2140 682 2167 tuam
716 2144 791 2166 non
821 2130 1003 2166 abscondi
1034 2134 1073 2165 in

51 2194 164 2229 corde
195 2207 302 2238 meo;
335 2198 534 2230 veritatem
572 2202 674 2228 tuam
709 2201 746 2227 et
773 2194 942 2228 salutare
970 2200 1073 2227 tuum

52 2254 138 2290 dimi
157 2260 185 2290 7.
207 2257 290 2291 Hac
309 2267 402 2304 ergo
422 2254 508 2291 illos
535 2254 686 2290 ratione
705 2252 954 2303 suscipimus,
979 2265 1077 2302 quo-

54 2314 158 2352 niam
178 2328 257 2353 non
287 2324 469 2366 putamus
495 2328 576 2352 esse
594 2315 737 2351 malum
753 2343 762 2359 ,
788 2314 819 2351 si
840 2322 930 2350 vota
950 2312 1076 2349 labio-

54 2390 140 2414 rum
157 2389 317 2414 suorum
332 2406 342 2424 ‚
363 2390 449 2427 quae
474 2377 514 2414 in
535 2376 630 2414 locis
656 2376 733 2414 suis
754 2383 970 2426 potuerunt
987 2374 1073 2424 qui-

54 2436 140 2475 dem
172 2438 430 2488 promittere,
464 2437 531 2475 sed
564 2450 807 2487 nequaquam
831 2436 1073 2487 persolvere3

54 2503 137 2538 Deo
176 2500 244 2550 qui
281 2499 428 2551 ubique
469 2508 549 2547 est,
585 2498 823 2549 ubicumque
866 2506 1076 2549 poterunt,

54 2560 238 2609 reddant3
261 2571 299 2599 et
321 2562 439 2600 solius
461 2570 585 2613 ruptae
611 2560 829 2599 stabilitatis
853 2560 993 2597 damna
1017 2572 1078 2596 re-

1142 1885 1296 1931 aemule3
1318 1884 1587 1930 calumniator,
1606 1885 1790 1922 ausculta.
1814 1885 1905 1922 Dixi
1927 1899 1996 1923 cur
2017 1885 2063 1922 de
2085 1885 2166 1922 aliis

1143 1945 1384 1983 monasteriis
1419 1945 1467 1983 ad
1501 1954 1634 1982 nostra
1663 1946 1865 1983 venientes
1879 1976 1888 1992 ,
1922 1946 2166 1998 recipiendos

1143 2008 1374 2045 censuerim.
1405 2007 1604 2057 Numquid
1631 2021 1710 2044 non
1732 2009 1931 2045 venientes
1958 2008 2170 2045 damnavi?

1143 2073 1297 2107 Excuso
1318 2069 1423 2116 illos,
1445 2082 1526 2105 non
1546 2069 1638 2105 istos
1660 2082 1812 2106 accuso.
1832 2069 1909 2107 Soli
1924 2078 2013 2106 sunt
2028 2069 2168 2115 invidi,

1145 2144 1242 2181 quos
1262 2143 1447 2167 excusare
1470 2143 1541 2167 nec
1560 2130 1650 2167 volo
1664 2160 1673 2177 ,
1696 2144 1767 2167 nec
1787 2130 1909 2166 valeo.
1930 2129 2078 2178 Quibus
2099 2144 2169 2167 ex-

1145 2192 1266 2242 ceptis
1282 2221 1291 2238 ,
1327 2192 1357 2228 si
1395 2192 1481 2241 quis
1508 2200 1738 2228 caeterorum
1772 2191 1819 2228 ad
1853 2192 2009 2242 Regulae
2042 2192 2169 2242 cupiat

1145 2254 1308 2290 transire
1330 2253 1557 2303 puritatem,
1577 2252 1644 2289 sed
1666 2261 1828 2303 propter
1845 2253 2066 2289 scandalum
2090 2267 2168 2290 non

1144 2314 1302 2359 audeat,
1330 2322 1395 2350 aut
1417 2321 1519 2350 certe
1541 2313 1654 2349 etiam
1674 2312 1724 2350 ob
1743 2322 1886 2350 certam
1910 2314 2084 2364 corporis
2106 2314 2170 2350 in-

1145 2375 1390 2421 firmitatem,
1411 2383 1507 2425 puto
1535 2374 1626 2424 quia
1648 2388 1727 2411 non
1748 2383 1900 2425 peccat,
1923 2366 2168 2411 dum‘tmnen

1144 2436 1183 2473 in
1201 2449 1270 2472 suo
1287 2435 1440 2472 studeat
1462 2435 1548 2472 loco
1572 2434 1721 2480 sobrie,
1744 2443 1781 2471 et
1797 2434 1901 2484 juste
1915 2465 1924 2481 ,
1943 2444 1981 2472 et
1996 2436 2058 2485 pie
2079 2449 2170 2472 con-

1144 2498 1303 2534 versari.
1328 2501 1423 2534 Nam
1450 2497 1479 2534 si
1499 2510 1575 2546 qua
1596 2510 1641 2533 ex
1666 2510 1775 2533 more
1798 2497 2020 2533 monasterii
2042 2498 2170 2534 minus

1147 2561 1244 2597 forte
1267 2559 1458 2604 districte,
1488 2572 1603 2609 quam
1625 2559 1771 2608 Regula
1793 2558 2037 2595 constituisse
2060 2558 2170 2595 vide-

55 2623 249 2674 liquorum
273 2624 506 2675 regularium
528 2631 817 2675 praeceptorum
836 2623 986 2672 integra
1004 2621 1078 2658 ob-
1097 2628 1129 2662 D
1146 2630 1221 2668 tur,
1243 2619 1451 2658 observare
1479 2620 1748 2670 compellitur3
1770 2619 1969 2656 excusabit
1989 2620 2062 2657 hoc
2090 2620 2170 2657 for—

56 2685 272 2723 servatione
291 2693 556 2736 compensent.
578 2685 616 2722 Si
636 2684 698 2722 cui
721 2683 900 2735 displicet
920 2684 1012 2729 hoc,
1036 2692 1075 2721 et

56 2753 271 2782 murmurat
285 2745 470 2782 adversus
489 2745 686 2782 hominem
705 2753 944 2795 quaerentem
966 2745 1074 2781 salu—

58 2812 134 2842 tem
157 2819 288 2853 suam3
313 2805 566 2857 respondebit
590 2820 663 2857 pro
685 2820 731 2843 eo
749 2806 880 2843 salutis
901 2810 1049 2844 Auctor
1067 2821 1074 2843 :

57 2866 193 2903 Nonne
207 2869 337 2904 oculus
352 2876 435 2904 tuus
450 2881 613 2916 nequam
626 2877 700 2912 est,
720 2871 812 2916 quia
828 2866 892 2903 ille
908 2866 1024 2902 bonus
1037 2865 1078 2903 3?

58 2927 90 2964 Ο
106 2927 278 2978 quisquis
303 2941 343 2965 es
372 2928 439 2978 qui
459 2928 571 2966 saluti
588 2928 739 2965 invides
755 2928 908 2973 alienae,
929 2928 1078 2978 parcito

58 2987 118 3024 vel
138 2992 300 3027 tuaeyAn
317 2989 442 3026 nescis
459 2988 566 3039 quod
588 2991 732 3025 invidia
760 2988 906 3025 diaboli
924 2993 1078 3024 intravit

58 3060 156 3086 mors
175 3054 215 3086 in
240 3050 365 3087 orbem
388 3060 574 3088 terrarum
589 3057 604 3081 9
619 3052 634 3087 ?
650 3050 820 3088 Attende
840 3051 969 3101 itaque
990 3049 1072 3087 tibi.

60 3108 98 3146 Si
113 3110 216 3148 enim
232 3110 298 3149 ubi
317 3112 484 3161 invidia,
502 3112 695 3160 ibimors;
714 3112 889 3163 profecto
906 3125 985 3149 non
1005 3125 1078 3162 po-

1143 2682 1240 2719 sitan
1272 2690 1339 2718 aut
1371 2682 1435 2718 illa
1468 2681 1650 2728 charitas,
1676 2694 1751 2731 qua
1773 2689 1976 2718 cunctatur
2004 2681 2169 2731 migrare

1143 2743 1191 2781 ad
1214 2744 1348 2780 melius
1369 2751 1532 2794 propter
1551 2742 1772 2780 scandalum
1789 2771 1797 2788 ,
1812 2741 1923 2792 juxta
1938 2742 2051 2788 illud,
2074 2743 2170 2778 Clea-

1146 2810 1239 2842 ritas
1259 2812 1384 2854 operit
1402 2807 1680 2841 multitudinem
1696 2811 2000 2854 peccatorum¹13
2019 2813 2085 2841 aut
2104 2805 2171 2841 illa

1146 2867 1361 2913 humilitas,
1381 2879 1458 2916 qua
1474 2867 1645 2917 propriae
1672 2866 1849 2903 conscius
1869 2866 2104 2903 infirmitatis
2131 2879 2169 2903 se

1147 2935 1303 2978 reputat
1323 2928 1592 2978 imperfectum
1617 2943 1624 2965 ε
1648 2928 1836 2978 siquidem
1856 2936 1893 2964 et
1909 2927 1956 2964 de
1974 2928 2057 2978 ipsa
2077 2927 2170 2964 scri-

1143 2997 1256 3040 ptum
1277 2998 1353 3035 est,
1377 2993 1482 3026 Deus
1502 2990 1704 3026 humilibus
1725 2992 1793 3026 dat
1809 2995 1973 3039 gratiam
1997 2995 2038 3025 ¹².

1201 3051 1264 3089 20.
1296 3052 1417 3089 Multa
1441 3052 1596 3102 quidem
1632 3052 1719 3099 tibi,
1742 3051 1984 3096 charissime,
2018 3051 2167 3088 locutus

1146 3125 1250 3160 sum,
1272 3126 1359 3151 cum
1382 3113 1511 3151 multis
1532 3127 1631 3164 opus
1652 3127 1731 3150 non
1752 3112 1913 3159 habeas,
1939 3112 2083 3163 quippe
2106 3111 2166 3148 cui

110 3258 121 3274 ¹
143 3255 217 3297 Sap.
243 3260 423 3292 1‚11.-—-
446 3262 460 3289 ².
481 3257 564 3288 Psal.
590 3268 630 3295 v,
653 3259 685 3288 7.
705 3276 750 3280 —
775 3255 789 3279 3
815 3257 920 3289 Galat.
945 3268 998 3294 vx,
1021 3261 1051 3288 ὁ.
1077 3276 1121 3280 -—
1144 3257 1158 3284 4
1187 3260 1281 3289 Rom.
1309 3268 1385 3294 xxv,
1418 3260 1471 3288 12.
1493 3254 1570 3280 ——5
1589 3257 1670 3288 Psal.
1703 3268 1783 3292 cxv,
1817 3260 1878 3292 13,
1912 3258 1962 3286 14.
1981 3274 2022 3278 *ἡ
2044 3251 2058 3274 0
2085 3256 2162 3294 Reg.

60 3307 91 3338 S.
110 3308 285 3348 Benedicti,
308 3320 402 3353 capp.
425 3312 488 3347 64,
508 3313 541 3342 3.
558 3329 603 3335 —-
621 3317 635 3341 7
651 3311 733 3343 Psal.
753 3322 876 3350 xxxrx,
907 3312 1042 3343 ll.—8
1059 3310 1176 3344 Matth.
1196 3314 1393 3348 xx‚15.——
1412 3316 1428 3340 9
1444 3313 1516 3353 Sap.
1540 3322 1584 3347 11,
1609 3312 1663 3341 24.
1688 3329 1731 3333 -
1759 3309 2163 3349 ¹0111Reg.x1x,18.a-

65 3366 92 3383 ¹¹
111 3365 126 3395 1
146 3365 228 3396 Petr.
257 3376 309 3403 ιν,
328 3368 359 3397 8.
377 3385 419 3389 --
439 3371 468 3388 ¹²
485 3366 599 3399 Jacobi
617 3378 671 3406 ιν,
694 3371 725 3399 6.

1144 3372 1158 3388 ²
1187 3366 1292 3400 Alias.
1317 3364 1473 3397 Ausculta
1492 3375 1580 3407 erga.
