2517 3920
338 194 412 230 955

334 281 438 303 conus
463 266 724 305 Aurelianensis,
758 277 796 297 ex
827 265 993 298 Cliartario
1022 264 1277 297 Sancti-Martini
1303 263 1342 295 de

334 323 474 367 Campis.

384 379 449 409 719
471 378 512 406 D.
530 373 699 415 Quaeritis,
718 378 896 403 utrumnam
918 370 1094 413 baptizatus
1112 370 1150 400 sit
1174 380 1273 411 puer3
1300 378 1341 399 an

335 430 437 472 magis
451 453 457 465 ,
481 429 506 459 si
530 427 604 459 vivit
623 450 631 462 ,
652 424 874 468 baptizandus,
902 443 946 447 —
968 428 1181 464 Interrogatus
1209 425 1342 452 Bernar-

334 483 393 515 dus
413 483 466 526 (si
484 488 588 513 tamen
606 482 672 522 ejus
694 485 740 510 est
760 479 826 510 haec
851 478 981 520 epistola
996 500 1003 513 ,
1030 487 1100 506 nain
1122 475 1264 517 plerique
1290 483 1341 503 ne-

335 543 426 579 gant,
458 536 542 578 quod
570 541 675 566 tainen
707 543 770 563 non
796 532 885 562 facile
908 531 1054 561 dixerim.
1077 532 1152 559 Hoec
1178 527 1338 557 Horstius.

336 588 541 621 Mobillonius
566 595 667 618 aulem
690 587 734 616 sic
754 597 765 615 :
794 584 934 626 Epistola
957 583 1024 614 haec
1058 582 1157 612 dubia
1182 579 1341 610 nonnullis

335 643 472 674 videtur.
487 641 658 684 Reperitur
676 638 823 670 tamenin
839 637 965 668 vetustis
984 634 1177 666 editionibus
1190 656 1198 670 ,
1216 632 1342 674 Lugdu-

335 696 426 727 nensi
444 696 518 727 anni
547 697 633 726 1520
657 693 789 734 aliisque
810 689 1078 732 subsequentibus
1093 712 1101 726 ,
1126 694 1156 718 et
1173 688 1205 717 in
1230 697 1342 717 manu-

336 751 452 792 scripto
478 749 585 780 codice
610 746 784 778 Sorbonico
812 754 819 775 :
848 754 905 774 nec
930 742 1019 773 stilus
1037 740 1143 771 differt
1162 750 1180 770 a
1208 742 1342 770 Bernar-

334 802 464 844 dino),
491 797 886 841 interrogatus‚inquam,
913 806 952 826 an
981 793 1158 836 Baptismus
1191 791 1250 822 sub
1281 791 1343 822 hac

334 855 503 887 verborum
518 853 616 884 forma
631 851 763 882 collatus
778 849 893 879 valeret
911 871 919 885 ,
943 862 958 873 ‹-
977 846 1104 888 Baptizo
1121 851 1151 875 te
1168 845 1199 875 in
1214 844 1343 875 nomine

337 908 443 944 nDei,
471 912 503 936 et
520 910 635 936 sanctie
659 902 790 939 Crucis;
813 916 826 927 n
856 898 1020 941 respondit
1044 896 1233 928 affirmative
1249 920 1257 934 ,
1277 906 1343 927 non

334 959 464 990 omnino
489 955 667 999 spernenda
697 954 810 984 ductus
837 953 969 983 ratione.
1000 950 1061 982 Sed
1093 949 1160 980 haec
1185 949 1342 980 sententia

332 1013 427 1044 hodie
442 1022 505 1041 non
527 1009 679 1051 recipitur
696 1018 713 1038 a
728 1005 881 1047 theologis
894 1029 901 1043 ,
922 1010 955 1036 et
974 1003 1141 1035 traditione
1159 1003 1342 1045 apostolica,

332 1073 363 1098 et
381 1066 514 1097 aliorum
536 1067 682 1098 Patroni,
708 1061 870 1103 ipsiusque
897 1061 928 1089 S.
953 1057 1125 1099 Augustini
1153 1057 1342 1088 auctoritate

331 1119 501 1155 refellitur3
524 1127 559 1147 ac
581 1115 696 1146 docent
719 1113 833 1156 passim
855 1122 983 1149 omnes,
1004 1121 1185 1153 expressam
1217 1110 1342 1142 invoca-

332 1173 450 1203 tionem
483 1168 688 1201 sanctissimae
720 1166 906 1202 Trinitatis,
936 1165 1002 1196 sive
1037 1164 1220 1196 distinctam
1246 1165 1342 1196 trium

332 1234 537 1269 personarum
572 1221 837 1264 expressionem,
869 1230 938 1250 esse
970 1218 1009 1249 de
1043 1220 1179 1250 essentia
1210 1219 1339 1258 formae;

332 1280 474 1321 adeoque
503 1276 698 1319 Baptismum
717 1276 785 1306 sine
805 1274 864 1305 hac
886 1274 1033 1305 collatum
1061 1284 1130 1304 esse
1156 1272 1342 1305 invalidum.

330 1336 378 1364 Ita
401 1332 498 1364 habet
514 1333 623 1362 Canon
649 1332 690 1360 49
720 1328 863 1371 Apostol.
888 1327 943 1370 qui
971 1327 1075 1357 locum
1097 1327 1216 1358 Matth.
1236 1337 1343 1359 xxvn.

332 1387 415 1417 velut
447 1386 659 1427 interpretans
687 1382 727 1414 de
755 1382 854 1413 forma
879 1381 1070 1420 verborum,
1102 1381 1204 1423 rejicit
1222 1381 1343 1424 Baptis-

333 1450 419 1470 inum
436 1439 470 1470 in
489 1443 588 1469 morte
614 1436 742 1467 Domini
767 1435 914 1466 collatum
929 1459 936 1473 ,
954 1434 998 1465 ita
1023 1434 1196 1476 subjiciens
1212 1445 1220 1466 :
1241 1449 1254 1461 κ
1270 1437 1344 1467 Non

337 1511 352 1520 ι·
369 1494 454 1524 enim
477 1492 555 1523 dixit
576 1490 668 1521 nobis
693 1490 848 1522 Dominus
866 1513 873 1527 ,
892 1492 930 1520 In
951 1494 1053 1520 morte
1075 1500 1145 1520 mea
1160 1489 1341 1532 baptizate3

339 1563 351 1575 ·
366 1547 440 1584 sed,
464 1550 585 1577 Euntes
604 1543 712 1575 ducem
739 1555 844 1574 omnes
871 1551 991 1587 gentes,
1017 1541 1217 1588 baptizantes
1239 1555 1290 1574 eos
1312 1542 1345 1573 ni

338 1616 350 1628 ι’
367 1602 491 1631 nomine
512 1600 617 1629 Patris
630 1606 659 1628 et
672 1598 746 1629 Filii
759 1605 788 1629 et
808 1598 944 1642 Spiritus
965 1599 1081 1629 sancti.
1099 1612 1112 1625 ³>
1128 1600 1159 1629 S.
1174 1597 1345 1640 Augustini

336 1654 488 1685 sententia
509 1652 684 1683 clarissima
711 1658 757 1683 est
780 1652 862 1682 libro
889 1657 978 1682 sexto
1004 1657 1117 1682 contra
1133 1651 1316 1682 Donatistas
1334 1675 1342 1690 ,

335 1718 405 1750 cap.
425 1711 466 1739 25
480 1731 488 1744 ,
512 1713 597 1738 certa
625 1717 693 1737 esse
720 1706 818 1737 verba
837 1706 1040 1748 evangelica,
1062 1706 1129 1737 sine
1148 1706 1263 1748 quibus
1281 1717 1345 1737 non

336 1768 439 1805 potest
468 1762 644 1793 consecrari
672 1761 862 1803 Baptismus.
892 1761 980 1792 Idem
1011 1760 1110 1792 habet
1140 1761 1276 1803 epistola
1302 1765 1341 1793 23

336 1816 375 1847 ad
401 1816 605 1847 Bonifacium.
631 1818 749 1857 Estque
770 1815 878 1845 similis
909 1816 995 1846 locus
1025 1815 1098 1846 libri
1129 1815 1243 1846 decimi
1270 1816 1346 1848 noni

336 1875 444 1900 contra
470 1872 639 1907 Faustum,
665 1879 735 1911 cap.
761 1873 814 1900 lo.
844 1872 922 1910 Quae
947 1870 1011 1900 sint
1033 1876 1140 1900 autem
1161 1869 1216 1901 illa
1245 1870 1343 1902 verba

338 1923 533 1965 exangelio&
548 1922 682 1965 exponit
704 1929 813 1953 contra
830 1923 1017 1954 Donatistas
1034 1947 1042 1961 ,
1066 1922 1146 1954 libro
1162 1926 1195 1961 3,
1211 1933 1283 1966 cap.
1304 1926 1342 1955 15

337 1992 349 2005 ι
367 1978 399 2008 Si
414 2002 421 2016 ,
440 1993 452 2004 »ι
470 1977 572 2019 inquit
584 2003 592 2016 ,
612 1992 624 2004 u
643 1976 827 2019 evangelicis
852 1977 956 2008 verbis
969 2001 976 2014 ,
993 1978 1030 2007 In
1049 1977 1176 2007 nomine
1191 1978 1294 2008 Pati-is
1315 1984 1345 2008 et

337 2046 352 2057 »a
376 2030 447 2061 Filii
469 2039 497 2062 et
520 2031 656 2076 Spiritus
686 2032 811 2067 sanai,
837 2032 986 2062 Marcion
1010 2032 1205 2074 Baptisnium
1236 2043 1345 2063 conse-

337 2102 350 2113 n
365 2085 496 2125 crabat,
527 2086 682 2128 integrum
699 2092 766 2117 erat
782 2089 1035 2118 Sacramentum.
1056 2101 1071 2112 n
1089 2085 1171 2116 Vide
1196 2086 1344 2118 eumdem

336 2140 417 2171 libro
438 2141 530 2172 tertio
558 2147 668 2172 contra
687 2141 899 2172 Maximinum
913 2165 920 2179 ‚
943 2151 1012 2184 cap.
1038 2145 1075 2173 17
1093 2153 1100 2180 3
1126 2142 1253 2184 epistola
1273 2146 1316 2173 20
1334 2153 1341 2180 ;

337 2199 368 2224 et
383 2194 591 2225 Enarratione
609 2194 639 2224 in
654 2195 811 2225 Psalniuni
827 2206 962 2225 Lxxxx«.
979 2195 1063 2225 Hinc
1075 2202 1104 2226 et
1118 2195 1263 2237 Cajetani
1279 2206 1346 2226 sen-

337 2247 449 2283 tentia,
465 2247 608 2279 sufficere
623 2248 819 2290 Baptismuni
843 2249 876 2280 in
894 2248 1020 2280 nomine
1034 2249 1153 2280 Christi
1170 2250 1321 2280 collatum
1337 2255 1345 2267 ⁴

338 2300 527 2343 exploditur.

387 2357 451 2385 722
474 2356 508 2386 C.
523 2354 548 2385 si
565 2360 669 2386 tamen
683 2355 844 2388 detinetis,
873 2374 906 2378 —
923 2360 970 2388 De
992 2356 1189 2388 restituendo
1204 2356 1345 2399 deposito

338 2413 440 2439 exstat
465 2408 497 2438 in
520 2408 721 2440 Bibliothecae
747 2410 962 2441 Cisterciensis
988 2416 1074 2441 tomo
1099 2414 1128 2448 1,
1156 2421 1225 2452 pag.
1252 2413 1312 2441 241
1335 2435 1343 2449 ,

337 2462 459 2504 egregia
473 2462 603 2505 epistola
623 2463 759 2506 Philippi
782 2464 904 2495 abbatis
925 2464 965 2495 ab
982 2464 1187 2507 Eleemosyna
1200 2488 1207 2502 ,
1233 2463 1345 2495 ordine

336 2515 445 2551 tertia,
465 2515 504 2546 ad
525 2517 696 2547 Henricum
712 2519 857 2548 comitem
876 2517 1060 2560 palatinum.

388 2571 452 2600 723
474 2570 509 2599 C.
532 2581 573 2599 AD
592 2581 774 2600 noacoxmu
797 2582 837 2600 ne
860 2573 1287 2611 ABBAT1s-v1LLA.——Rorgo
1306 2569 1345 2601 de

339 2621 569 2652 Abbatis-Villa
585 2647 592 2660 ,
611 2633 680 2664 quie
706 2623 780 2654 urbs
802 2630 849 2654 cst
871 2624 910 2655 ad
929 2627 1097 2656 Sonienaui
1127 2623 1279 2661 fluvium,
1312 2624 1345 2654 in

341 2675 438 2706 xeteri
462 2677 623 2707 Bi'exiario
655 2678 856 2710 Corbeiensis
889 2678 1114 2716 Bibliothecae,
1143 2684 1217 2709 ante
1244 2689 1345 2710 annos

340 2729 523 2769 quingentos
554 2731 686 2773 scripto,
717 2732 864 2764 laudatur
889 2744 962 2764 curn
985 2744 1084 2764 uxore
1111 2743 1166 2764 sua
1183 2732 1345 2764 Elizabeth

343 2781 442 2822 pridie
461 2781 530 2813 idus
550 2785 692 2825 augusti,
723 2791 755 2816 ut
779 2785 924 2817 fundator
952 2786 1033 2824 loci,
1055 2786 1095 2817 ad
1125 2797 1218 2828 quem
1242 2786 1345 2828 primo

341 2834 493 2875 pertinuit
526 2837 721 2867 Breviarium
745 2861 751 2874 ‚
785 2849 899 2882 nempe
935 2839 1096 2871 Prioratus
1138 2839 1343 2871 Sancti-Petri

341 2888 425 2930 apud
446 2888 721 2922 Abbatis-Villain.

392 2943 455 2971 724
475 2943 508 2972 C.
527 2952 568 2970 AD
585 2952 781 2974 G1LDiJ1Nt'M
807 2956 959 2976 [zamram
983 2957 1099 2976 sanem
1119 2957 1280 2977 VICTORIS.
1299 2964 1343 2968 —-

341 3001 370 3028 1s
385 3008 402 3028 a
419 2994 579 3027 Ludovico
596 2998 714 3026 Grosso
735 2997 870 3028 abbatia:
894 3000 1152 3031 Sancti-Victoris
1176 3000 1344 3031 fundatore

339 3050 438 3081 abbas
470 3050 659 3095 constitutus
690 3055 738 3080 est
765 3061 847 3080 anno
872 3055 974 3089 1113,
1001 3053 1172 3084 Guillelmo
1201 3053 1343 3096 Campel-

340 3103 436 3141 lensi,
458 3103 510 3145 qui
534 3103 635 3133 locum
658 3101 806 3132 ordinare
828 3111 962 3145 coeperat
976 3129 983 3143 ‚
1010 3106 1050 3136 ad
1072 3106 1177 3137 sedem
1201 3107 1343 3139 Catalau-

340 3167 471 3187 neusem
502 3161 626 3192 evecto,
656 3160 688 3185 ut
720 3155 839 3186 dictum
871 3163 919 3187 est
949 3158 988 3188 ad
1021 3159 1188 3201 epistolam
1228 3164 1258 3192 3.
1294 3164 1343 3191 De

340 3209 601 3241 Sancto-Victore
614 3233 622 3247 ,
645 3213 758 3251 praeter
774 3219 809 3239 ea
837 3220 906 3250 quae
923 3210 1079 3242 Cliesnius
1099 3213 1195 3244 refert
1212 3213 1244 3244 in
1261 3214 1343 3246 notis

341 3263 381 3294 ad
398 3262 611 3294 Abaelarduni
625 3286 632 3300 ,
658 3262 702 3292 sic
727 3261 866 3304 loquitur
886 3263 1053 3295 Altior-{cus
1079 3265 1109 3295 in
1127 3266 1285 3298 Chronico
1302 3268 1341 3300 ad

339 3327 459 3348 annum
488 3320 572 3348 1129
606 3327 613 3347 :
645 3330 657 3343 ι
695 3319 815 3347 Domus
847 3317 1105 3349 Saiicti-Yictoris
1140 3320 1341 3359 l'arisiensis,

344 3386 356 3398 .
375 3382 443 3412 quae
461 3376 527 3401 erat
547 3369 666 3402 Prioria
692 3369 852 3410 nigrorum
875 3370 1099 3401 monachorum
1124 3370 1163 3401 de
1181 3373 1319 3405 Massilia
1332 3399 1338 3408 ,

843 190 892 224 IN
922 189 1102 224 TOML'M
1132 189 1329 224 PRIMUM
1360 188 1565 223 OPERUM
1595 188 1630 221 S.
1664 185 1917 220 BERNARDI

2341 184 2417 220 95ss

1412 278 1425 291 ι
1447 263 1555 305 ejectis
1590 261 1749 305 praedictis
1776 260 1958 298 monachis,
1991 259 2146 291 adductus
2171 265 2218 291 est
2246 267 2420 293 convenius

1411 331 1424 344 ι
1445 315 1655 357 Regularium
1680 314 1719 345 de
1752 313 1968 346 Sancto-Rufo
1993 312 2032 343 de
2064 314 2211 345 Valentia
2242 325 2299 356 per
2323 315 2420 357 magi-

1410 385 1422 395 »
1445 375 1546 399 strum
1562 372 1729 410 Hugonem
1743 391 1750 404 ,
1768 367 1823 409 qui
1837 367 1939 398 dictus
1962 373 2009 398 est
2027 367 2066 398 de
2087 368 2351 400 Sancto-Victore
2364 395 2372 408 ,
2387 376 2420 402 et

1411 436 1423 447 »ι
1441 421 1479 451 de
1496 421 1590 461 Regis
1612 420 1800 451 auctoritate
1816 431 1823 451 :
1840 426 1872 451 et
1891 420 1933 452 ita
1957 421 2165 464 multiplicata
2188 422 2339 463 religione
2366 422 2420 455 ha-

1410 489 1424 502 »
1444 474 1498 505 bet
1519 474 1607 504 Ordo
1631 474 1689 504 iste
1719 473 1801 505 bene
1825 474 1954 515 triginta
1980 474 2143 514 abbatias,
2166 481 2198 506 et
2226 476 2296 518 plus
2326 486 2419 517 quam

1411 542 1423 555 v
1442 528 1600 569 octoginta
1627 527 1771 569 priorias.
1791 543 1804 555 ›-
1822 528 1947 559 Eximia
1973 534 2048 559 sunt
2068 539 2137 570 quae
2158 528 2197 560 de
2217 529 2279 560 isto
2299 530 2420 561 Sancti-

1406 580 1544 611 Victoris
1572 579 1694 611 Ordine
1723 586 1833 611 narrat
1860 580 2000 612 Jacobus
2031 592 2048 613 a
2072 581 2238 619 Vtinam,
2268 580 2418 613 Historiae

1407 632 1623 665 Occidentalis
1642 633 1744 675 capite
1761 636 1814 670 24,
1832 634 1870 665 de
1895 645 1958 676 quo
1977 634 2062 666 inter
2079 635 2141 666 alia
2161 646 2168 666 :
2193 650 2206 662 κ
2229 639 2306 667 Haec
2323 636 2419 678 siqui-

1411 701 1424 714 ·
1449 686 1541 724 dem,
1566 701 1579 713 ι)
1598 686 1721 728 inquit,
1745 701 1757 714 ι
1778 693 1887 719 sancta
1903 693 1935 718 et
1951 688 2038 719 omni
2054 688 2242 731 acceptione
2253 688 2347 731 digna
2361 689 2419 720 mi·

1412 755 1425 769 ι
1447 739 1606 770 litantium
1627 739 1660 771 in
1680 740 1789 771 castris
1812 741 1942 773 Domini
1962 741 2182 783 congregatio,
2199 741 2356 784 refugium
2373 747 2421 773 est

1412 808 1425 820 ›-
1447 803 1623 835 pauperum
1641 817 1649 829 ,
1678 794 1849 825 consolatio
1889 794 2064 836 lugentium
2082 818 2090 833 ,
2134 794 2355 826 fulcimentum
2388 801 2420 827 et

1413 861 1426 875 ι
1448 847 1536 889 quasi
1566 847 1650 878 basis
1677 847 1831 879 debilium
1849 872 1857 886 ,
1890 848 2048 880 recreatio
2070 848 2244 887 lassorum,
2270 849 2420 892 relevatio

1412 916 1426 928 u
1444 901 1621 944 lapsorum,
1646 908 1756 944 portus
1775 902 2058 944 tranquillissimus
2080 902 2312 934 scholarum....
2334 903 2420 934 Mul-

1413 970 1426 983 ι
1444 955 1484 986 tis
1505 966 1522 987 a
1542 955 1698 999 principio
1726 956 1954 988 Parisiensibus
1973 957 2149 998 magistris,
2174 956 2251 988 viris
2272 956 2420 988 litteratis

1413 1025 1426 1037 a
1447 1015 1478 1040 et
1505 1008 1664 1048 honestis,
1703 1010 1790 1041 velut
1818 1009 1916 1041 stellis
1950 1009 2148 1051 fulgentibus
2175 1010 2357 1049 illustrata,
2387 1016 2420 1042 et

1411 1077 1425 1090 »
1444 1062 1533 1104 quasi
1548 1062 1728 1105 margaritis
1748 1062 1894 1106 pretiosis
1908 1063 2067 1095 decorata.
2086 1067 2175 1095 Inter
2187 1074 2267 1105 quos
2281 1063 2421 1094 nomina-

1412 1131 1426 1143 ι
1447 1115 1587 1147 tissimus
1607 1122 1639 1147 et
1664 1117 1841 1159 praecipuus
1867 1117 1988 1148 exstitit
2011 1116 2176 1149 citharista
2198 1116 2350 1156 Domini,
2370 1127 2420 1148 or-

1412 1184 1425 1197 »
1445 1180 1561 1211 ganum
1583 1169 1719 1212 Spiritus
1741 1170 1863 1209 sancti,
1891 1170 2040 1212 magister
2057 1173 2150 1213 Hugo
2175 1170 2214 1202 de
2232 1170 2421 1202 Sancto-Vi-

1413 1229 1532 1254 ›ctore
1563 1222 1676 1254 dictus.
1712 1239 1727 1250 n
1762 1226 1807 1255 Ea
1850 1229 1982 1266 propter
2009 1226 2042 1256 S.
2073 1223 2255 1255 Bernardus
2292 1222 2421 1265 speciali

1408 1288 1533 1319 semper
1558 1287 1664 1309 amore
1687 1277 1817 1309 domum
1841 1277 1932 1309 istam
1955 1279 2138 1321 complexus
2166 1284 2233 1316 est,
2257 1278 2347 1319 cujus
2375 1277 2421 1308 rei

1409 1330 1539 1362 evidens
1554 1330 1645 1362 nobis
1661 1331 1842 1374 suppeditat
1855 1338 2077 1374 argumentum
2091 1332 2254 1363 concessio
2271 1342 2418 1373 sequens,

1409 1385 1477 1427 ipso
1493 1391 1606 1427 agente
1632 1385 1736 1423 facta,
1767 1391 1801 1416 ut
1823 1391 1960 1417 testatur
1987 1385 2220 1429 autographum
2247 1385 2282 1416 in
2300 1384 2422 1418 Sancti-

1409 1437 1550 1470 Victoris
1579 1438 1845 1481 Chartopliylacio
1880 1439 2053 1470 etiamnum
2089 1444 2302 1476 asservatum,
2332 1438 2424 1480 cujus

1410 1492 1594 1534 exemplum
1611 1492 1756 1523 eruditus
1777 1497 1807 1523 et
1832 1491 2042 1523 amicissimus
2062 1495 2104 1526 D.
2130 1490 2344 1523 Tonnelerius
2368 1489 2420 1522 Bi-

1409 1545 1576 1577 bliotliecae
1590 1546 1757 1589 praefectus
1777 1545 1856 1577 mihi
1869 1545 2125 1578 communicavit.

1461 1667 1474 1680 ι
1490 1655 1554 1695 Ego
1566 1652 1758 1691 Rei-nardus,
1770 1651 1982 1684 Clarae-Vallis
1997 1657 2125 1683 vocatus
2137 1650 2249 1690 abbas,
2271 1650 2420 1682 omnibus

1415 1722 1428 1734 ι
1450 1706 1509 1738 Dei
1529 1706 1695 1743 fidelibus,
1719 1712 1784 1738 tam
1806 1706 1961 1749 posteris,
1990 1716 2087 1748 quam
2113 1704 2344 1748 praesentibus,
2364 1715 2422 1737 no-

1416 1774 1429 1786 »
1448 1765 1514 1790 tum
1536 1759 1605 1790 fieri
1624 1760 1713 1798 volo,
1742 1770 1791 1790 me
1810 1759 1945 1801 quadam
1964 1759 2049 1795 vice,
2068 1769 2140 1790 cum
2162 1758 2298 1790 Parisius
2321 1757 2424 1789 venis-

1417 1828 1429 1840 ιι
1453 1824 1541 1852 sem,
1564 1824 1690 1856 rogasse
1716 1813 1879 1844 dominum
1897 1813 2044 1845 Odonem
2067 1812 2216 1844 abbatem
2229 1814 2424 1844 Sanciae-Ge-

1415 1881 1428 1894 »
1453 1866 1593 1903 novefae,
1610 1877 1785 1908 omnesque
1809 1865 1923 1897 fratres
1952 1865 1986 1896 in
2010 1864 2172 1896 communi
2203 1865 2360 1907 capitulo,
2388 1870 2424 1896 ut

1415 1937 1427 1948 »ι
1443 1921 1588 1953 fraternae
1598 1920 1775 1952 dilectionis
1788 1920 1909 1952 intuitu
1922 1920 2082 1952 Gelduino
2092 1918 2199 1951 abbati
2207 1918 2423 1961 fratribusque

1415 1990 1428 2003 ι
1448 1975 1589 2007 ecclesiae
1602 1975 1869 2008 Sancti-Victoris
1889 1974 2102 2006 concederent
2127 1984 2245 2016 aquam
2261 1973 2422 2009 Benevim,

1415 2045 1428 2058 ι
1448 2030 1487 2061 de
1512 2030 1756 2062 submolendino
1784 2029 1870 2071 quod
1896 2028 2010 2073 Cupels
2034 2028 2233 2071 appellatur,
2263 2033 2422 2070 acceptam

1415 2099 1428 2111 »-
1447 2094 1547 2126 usque
1563 2084 1603 2115 ad
1617 2095 1705 2116 suam
1722 2083 1884 2115 ecclesiam
1901 2082 2061 2114 deducere
2075 2106 2083 2120 ,
2108 2087 2139 2113 et
2159 2080 2233 2112 inde
2247 2091 2355 2111 versus
2369 2083 2424 2112 Pa-

1415 2152 1427 2165 »
1448 2138 1542 2169 risius
1571 2138 1603 2169 in
1635 2141 1833 2180 Sequanam,
1855 2137 1929 2168 dato
1954 2136 2071 2167 idoneo
2105 2135 2209 2178 pretio
2238 2134 2423 2166 hominibus

1415 2207 1428 2220 υ
1448 2193 1585 2234 posteris
1610 2191 1969 2224 Sanctae-Genovefae....
1998 2201 2113 2232 aquam
2142 2188 2307 2221 ducerent.
2332 2191 2371 2220 Et
2388 2195 2423 2220 ut

1416 2261 1428 2274 υ
1452 2246 1589 2289 praefatae
1603 2246 1743 2278 ecclesiae
1761 2244 2011 2278 Beati-Victoris
2026 2244 2138 2276 liceret
2159 2243 2193 2275 in
2208 2243 2321 2275 eadem
2342 2254 2423 2286 aqua

1418 2316 1431 2328 n
1452 2300 1534 2332 infra
1550 2311 1657 2332 muros
1677 2312 1750 2332 suos
1766 2299 1986 2332 molendinum
2007 2298 2111 2330 facere
2129 2298 2168 2330 ad
2187 2308 2261 2329 suos
2279 2308 2354 2329 usus
2367 2322 2374 2336 ,
2389 2303 2424 2328 ut

1417 2369 1430 2381 »
1459 2355 1787 2397 quantulumcumque
1802 2353 1948 2385 utilitatis
1962 2363 2051 2395 aquae
2067 2351 2165 2382 ductu
2182 2350 2236 2382 illo
2254 2350 2337 2382 infra
2353 2362 2423 2382 eos-

1417 2424 1429 2436 »
1450 2409 1523 2440 dem
1546 2419 1653 2440 muros
1679 2414 1709 2440 et
1735 2414 1828 2440 extra
1853 2406 1989 2450 propriis
2016 2405 2165 2449 expensis
2183 2410 2349 2436 exstruere
2369 2415 2423 2436 va-

1417 2479 1429 2491 »
1451 2463 1546 2496 leant.
1568 2466 1648 2504 Quae
1669 2463 1741 2495 Odo
1766 2462 1863 2494 abbas
1883 2460 1988 2492 omnia
2005 2458 2168 2491 communi
2197 2458 2331 2489 fratrum
2350 2464 2428 2489 suo-'

1416 2533 1428 2544 ι»
1453 2528 1522 2548 rum
1541 2528 1670 2548 assensu
1698 2522 1806 2548 nostro
1821 2515 2005 2546 interventu
2026 2513 2164 2555 benigne
2183 2512 2357 2551 concessit,
2378 2511 2423 2544 ita

1415 2587 1428 2599 ι»
1446 2578 1554 2603 tamen
1572 2577 1603 2602 ut
1620 2570 1836 2602 molendinum
1864 2566 2176 2601 Sanctae—Genorefae
2189 2590 2197 2605 ,
2221 2565 2306 2608 quod
2326 2576 2422 2609 supe-

1416 2640 1428 2652 »
1447 2625 1512 2656 rius
1528 2631 1575 2656 est
1591 2624 1789 2656 nominatum
1807 2648 1814 2662 ,
1834 2623 1919 2654 nulla
1949 2621 2055 2665 operis
2071 2619 2336 2653 Sancti—Victoris
2358 2631 2422 2652 ma-

1416 2696 1428 2708 »
1447 2680 1628 2712 chinatione
1646 2685 1698 2711 aut
1714 2689 1804 2721 aquae
1829 2678 2004 2710 elevatione
2022 2676 2228 2720 impediatur.
2255 2678 2336 2717 Quae
2352 2687 2423 2708 con-

1416 2749 1428 2761 »
1446 2733 1545 2765 cessio
1573 2739 1608 2764 ut
1646 2732 1785 2764 ecclesiae
1812 2731 1902 2763 Beati
1936 2729 2078 2763 Victoris
2106 2734 2174 2761 rata
2203 2728 2360 2770 firmaque
2390 2727 2423 2759 in

1416 2803 1428 2815 n
1450 2793 1640 2831 perpetuum
1671 2791 1852 2830 perseveret
1871 2810 1878 2823 ,
1907 2785 2009 2828 sigillo
2036 2794 2105 2815 eam
2145 2781 2421 2819 commendamus,

1415 2858 1428 2869 n
1452 2847 1484 2873 et
1514 2841 1606 2883 sigilli
1635 2841 1735 2872 nostri
1760 2840 1969 2883 impressione
1998 2836 2226 2870 testificandam
2260 2834 2421 2866 duximus.

1415 2911 1427 2922 υ
1446 2895 1567 2927 Placuit
1593 2900 1623 2926 et
1651 2906 1764 2926 eorum
1790 2894 1921 2926 nomina
1947 2892 2162 2934 subjungere,
2193 2889 2248 2930 qui
2274 2887 2423 2931 precibus

1416 2965 1428 2976 υ
1446 2949 1563 2981 nostris
1589 2955 1656 2980 tum
1683 2948 1869 2980 interfuere.
1902 2945 2060 2979 Dominus
2090 2942 2284 2976 Godefridus
2308 2940 2422 2983 Lingo-

1415 3019 1426 3030 n
1446 3004 1553 3035 nensis
1569 3003 1735 3046 episcopus
1750 3027 1757 3040 ,
1770 3006 1812 3034 D.
1832 3005 1975 3034 Joannes
1995 2995 2272 3031 Sancti-Maelovii
2298 2995 2422 3037 episco—

1414 3073 1426 3084 »
1450 3068 1528 3100 pus,
1556 3057 1705 3099 magister
1736 3054 1917 3087 Bernardus
1948 3052 2134 3085 Parisiensis
2159 3049 2421 3085 archidiaconus.

1415 3127 1427 3137 »
1444 3110 1591 3142 monachi
1604 3120 1731 3152 quoque
1745 3110 1844 3140 nostri
1859 3106 2022 3140 Gerardus
2037 3111 2067 3137 et
2082 3104 2267 3138 Gaufridus.
2287 3118 2301 3130 ι

1408 3220 1484 3248 Haec
1506 3215 1669 3248 concessio
1689 3215 1770 3247 facta
1793 3220 1842 3246 est
1865 3214 1947 3246 circa
1975 3223 2094 3245 annum
2121 3214 2210 3244 1150
2236 3221 2244 3242 :
2264 3219 2364 3252 usque
2382 3207 2422 3239 ad

1408 3282 1526 3301 annum
1546 3274 1554 3301 1
1570 3274 1631 3301 155
1649 3269 1776 3313 praefuit
1802 3268 1973 3300 Gilduinus
1994 3267 2128 3299 abbatiae
2145 3262 2418 3298 Sancti-Victori&

1410 3327 1456 3355 Dc
1484 3324 1584 3365 sigillo
1617 3330 1722 3355 autem
1748 3323 1841 3365 liujus
1872 3322 1990 3353 chartae
2019 3320 2088 3351 vide
2118 3325 2209 3351 notas
2237 3317 2276 3349 ad
2305 3315 2420 3359 episto-

1410 3379 1468 3408 lum
1490 3381 1565 3409 284.
