2533 3920
377 144 450 180 355

1145 147 1178 181 S.
1211 148 1268 181 mi
1277 148 1464 182 RNARDI
1495 148 1694 183 ABBATIS

1392 224 1440 246 ¹⁴⁹
1450 224 1625 261 deserere
1638 253 1648 270 ,
1665 232 1702 260 et
1716 222 1836 259 aliena
1852 234 1985 258 curare
2002 235 2118 271 cogor
2135 237 2141 258 :
2159 230 2195 258 et
2209 221 2344 259 dubito
2360 236 2454 273 pene

2379 146 2454 184 356

375 309 1384 320 ....................................................................
1403 291 1434 324 A
1451 285 1543 335 quid
1570 285 1686 334 magis
1713 295 1810 332 aegre
1837 282 1952 318 feram
1970 310 1979 326 ‚
2006 295 2054 318 an
2077 281 2246 318 subtrahi
2271 283 2344 319 illis
2359 312 2369 329 ,
2391 292 2457 321 aut

513 431 919 489 EPISTOLA'
957 430 1235 489 CXLIV.a

763 599 805 620 An
836 598 995 621 EOSDEM.

378 723 555 755 Molestiam
580 723 726 765 longioris
747 722 894 753 abseniiae
916 733 978 753 sua*
1004 733 1020 753 a
1037 722 1147 753 dilecta
1165 722 1380 760 Clara-Valle,

423 783 453 808 et
471 777 672 808 tenerrimum
697 786 768 817 erga
788 776 865 806 filios
882 787 953 806 suos
972 775 1119 807 affectum
1138 787 1173 807 ac
1196 776 1381 807 desiderium

422 831 577 874 exprimit.
601 829 748 861 Solatium
771 829 972 870 nihilomiuus
989 830 1123 860 suumin
1142 831 1232 861 tantis
1252 841 1308 872 pro
1322 833 1380 861 Ec-

421 885 513 917 clesia
536 884 695 916 laboribus
713 883 838 914 indicat.

1451 345 1619 381 intricari
1638 345 1728 381 istis.
1754 347 1860 380 Itane
1874 371 1883 388 ,
1905 341 2005 378 bone
2021 346 2111 380 Jesu
2124 372 2133 389 ‚
2157 351 2235 380 tota
2252 342 2402 380 deficiet
2416 344 2455 382 in

1448 405 1580 442 dolore
1598 406 1674 442 vita
1691 418 1792 450 mea,
1816 412 1853 440 et
1875 404 1965 440 anni
1985 404 2059 440 mei
2079 404 2119 440 in
2142 403 2360 453 gemitibus!
2380 407 2455 441 Bo.-

1448 480 1538 503 num
1567 466 1680 510 mihi,
1707 465 1896 510 Domine,
1920 464 2036 513 magis
2063 464 2161 500 mori
2185 478 2301 513 quam
2328 464 2454 502 vivere

1448 535 1524 573 est,
1548 540 1626 563 non
1645 535 1770 563 tamen
1789 526 1859 562 nisi
1877 525 1977 561 inter
1992 525 2146 570 fratres,
2164 524 2265 561 inter
2279 524 2455 563 domesti-

1450 600 1526 631 cos,
1548 586 1646 622 inter
1664 586 1916 622 charissimos.
1932 584 1975 621 Id
1993 584 2182 634 siquidem
2200 583 2362 630 dulcius,
2382 584 2454 622 hu-

1449 646 1596 683 manius
1611 676 1619 692 ,
1648 646 1840 695 tutiusque
1857 658 1936 681 csse
1960 653 2118 681 constat.
2139 648 2222 682 Imo
2239 658 2331 681 vero
2348 645 2454 696 pium

1447 715 1503 743 est
1523 715 1564 742 ut
1584 706 1622 743 in
1639 706 1710 743 hoc
1732 707 1900 743 remittas
1918 705 2027 750 mihi,
2047 713 2089 741 ut
2106 705 2306 754 refrigerer
2326 705 2453 756 prius-

1448 781 1560 816 quam
1580 767 1731 813 abeam,
1752 776 1788 804 et
1808 767 1970 816 amplius
1992 779 2068 802 non
2085 779 2164 803 ero.
2186 766 2223 803 Si
2242 766 2366 816 placet
2381 770 2455 805 Do-

1448 827 1553 863 mino
1577 841 1683 873 meo,
1708 836 1749 864 ut
1770 827 1869 863 oculi
1898 827 2017 877 patris
2041 827 2331 876 qualiscumque
2346 856 2356 873 ‚
2389 828 2455 877 qui

1449 900 1527 923 non
1550 901 1632 924 sum
1651 887 1787 936 dignus
1806 887 1933 924 vocari
1953 895 2074 937 pater,
2093 886 2322 923 claudantur
2340 888 2455 924 mani-

1448 945 1520 982 bus
1541 948 1728 993 filiorum,
1749 956 1792 984 ut
1810 956 1981 984 extrema
2006 947 2178 993 videant,
2199 947 2344 984 exitum
2362 960 2453 984 con-

429 1008 461 1043 1.
483 1006 614 1042 Tristis
640 1014 696 1042 est
714 1005 839 1041 anima
859 1018 941 1041 mea
958 1017 1078 1054 usque
1095 1004 1186 1041 dum
1203 1004 1354 1040 redeam
1369 1033 1378 1050 ‚
1398 1009 1425 1043 Β
1447 1007 1641 1052 solentur,
1665 1007 1841 1057 spiritum
1859 1007 1935 1044 suis
1951 1007 2147 1045 desideriis
2161 1008 2290 1045 levent
2304 1007 2351 1045 ad
2367 1021 2456 1046 con-

373 1074 410 1102 et
431 1078 509 1102 non
528 1065 610 1101 vult
634 1065 822 1100 consolari
849 1078 969 1113 usque
992 1064 1039 1100 ad
1061 1077 1141 1101 vos.
1164 1068 1256 1112 Quae
1279 1064 1379 1100 enim

372 1133 427 1161 est
447 1124 538 1161 mihi
557 1124 765 1160 consolatio
783 1124 820 1160 in
841 1133 1014 1174 tempore
1034 1125 1154 1169 malo,
1178 1133 1215 1161 et
1235 1125 1273 1160 in
1295 1125 1380 1161 loco

373 1185 692 1235 peregrinationis
713 1185 837 1220 mete?
861 1187 998 1221 Nonne
1023 1198 1093 1221 vos
1119 1185 1157 1221 in
1185 1185 1381 1222 Domino?

369 1245 526 1281 Minime
549 1244 703 1294 quidem
730 1243 870 1280 deserit
896 1257 975 1290 me,
1002 1257 1248 1294 quocumque
1271 1245 1351 1282 iero
1367 1273 1377 1292 ,

371 1305 491 1342 dulcis
522 1306 705 1342 memoria
734 1305 850 1342 vestri
884 1320 891 1342 :
927 1305 992 1342 sed
1021 1314 1165 1355 quanto
1195 1307 1380 1343 memoria

369 1367 532 1413 dulcior,
568 1374 674 1402 tanto
707 1365 877 1403 absentia
901 1366 1111 1404 molestior.
1141 1371 1226 1404 Heu
1263 1367 1376 1414 mihi,

370 1427 460 1476 quia
478 1427 666 1463 incolatus
682 1439 788 1462 meus
806 1439 884 1462 non
899 1427 1022 1463 solum
1042 1427 1294 1477 prolongatus
1308 1437 1376 1475 est,

370 1487 435 1524 sed
452 1496 489 1523 et
505 1487 720 1523 cumulatus
734 1488 740 1521 !
762 1494 800 1522 et
820 1499 954 1523 revera
966 1515 976 1533 ‚
995 1485 1105 1536 juxta
1122 1488 1351 1538 prophetam
1367 1517 1377 1535 ‚

367 1561 479 1596 super
499 1549 662 1582 dolorem
686 1549 879 1582 vulnerum
912 1560 1075 1583 meorum
1104 1549 1332 1584 addiderunt
1349 1555 1376 1595 ¹,

368 1607 434 1656 qui
454 1620 514 1643 me
531 1620 551 1643 a
571 1605 678 1642 vobis
697 1605 904 1655 aliquando
922 1607 982 1643 vel
1002 1620 1168 1657 corpore
1189 1616 1378 1657 separant.

368 1671 434 1705 Est
453 1680 657 1704 commune
679 1666 853 1703 exsilium
871 1667 1074 1717 ipsumque
1098 1669 1300 1705 molestum
1322 1682 1382 1706 sa—

369 1728 431 1773 tis,
454 1727 559 1777 quod
576 1726 758 1776 quamdiu
779 1740 910 1764 sumus
926 1728 965 1764 in
989 1728 1061 1764 hoc
1073 1742 1250 1778 corpore,
1273 1743 1381 1779 pere-

1447 1066 1629 1112 sortium,
1664 1067 1694 1103 si
1724 1066 1880 1116 dignum
1909 1066 2081 1116 judicas,
2106 1066 2335 1114 beatorum,
2368 1081 2453 1106 cum

1447 1139 1661 1176 pauperum
1697 1125 1927 1176 corporibus
1963 1126 2144 1176 pauperis
2176 1139 2317 1177 corpus
2347 1140 2457 1178 sepe-

1447 1187 1540 1223 liant
1559 1201 1566 1223 :
1589 1187 1661 1223 hoc
1682 1200 1862 1237 prorsus,
1887 1187 1917 1223 si
1941 1186 2071 1223 inveni
2090 1186 2247 1236 gratiam
2268 1185 2307 1223 in
2335 1187 2457 1225 oculis

1449 1247 1524 1283 tuis
1543 1276 1552 1294 ,
1587 1246 1765 1297 precibus
1801 1256 1838 1284 et
1869 1247 2013 1284 meritis
2043 1246 2267 1284 eorumdem
2297 1247 2455 1284 fratrum

1447 1319 1622 1343 meorum
1640 1306 1817 1344 obtinere
1836 1315 1917 1344 toto
1933 1307 2073 1344 affectu
2090 1305 2279 1344 desidero.
2295 1310 2456 1344 Verum—

1447 1376 1571 1404 tamen
1587 1381 1663 1405 non
1682 1382 1766 1405 mea
1781 1369 1977 1415 voluntas,
1996 1367 2062 1406 sed
2080 1375 2145 1404 tua
2166 1368 2244 1405 fiat.
2265 1371 2342 1405 Nec
2364 1367 2455 1404 mihi

1443 1429 1571 1466 vivere
1589 1430 1679 1466 volo
1692 1459 1702 1476 ,
1722 1443 1792 1466 nec
1810 1430 1922 1466 mori.

1499 1490 1534 1526 3.
1558 1490 1631 1527 Sed
1654 1490 1811 1540 dignum
1830 1498 1886 1527 est
1908 1498 1951 1526 ut
1969 1489 2036 1539 qui
2053 1488 2226 1526 dolorem
2242 1502 2369 1526 meum
2386 1502 2457 1526 au—
2510 1501 2516 1510 ⁴

1445 1547 1572 1595 distis,
1600 1549 1713 1585 etiam
1744 1549 2047 1586 consolationem
2079 1561 2158 1585 non
2192 1549 2398 1598 ignoretis,
2426 1550 2456 1586 si

1446 1622 1520 1658 qua
1535 1617 1601 1646 est.
1622 1609 1792 1646 Primum
1809 1608 1964 1659 quidem
1983 1608 2090 1646 omni
2106 1607 2238 1645 labore
2254 1617 2292 1645 et
2307 1609 2457 1646 calami-

1447 1678 1523 1706 tate
1535 1699 1544 1716 ,
1562 1684 1676 1720 quam
1698 1670 1835 1720 patior,
1858 1671 1983 1708 solum
2004 1668 2172 1706 arbitror
2190 1683 2270 1707 esse
2288 1670 2327 1707 in
2345 1683 2456 1708 causa

1446 1744 1533 1768 eum
1564 1731 1626 1768 cui
1654 1732 1782 1768 omnia
1803 1731 1949 1776 vivunt.
1974 1731 2116 1776 Velim,
2138 1730 2278 1776 nolim,
2303 1743 2456 1768 necesse

369 1787 565 1838 grinamur
582 1800 603 1823 a
625 1787 803 1824 Domino.
827 1787 925 1824 Huic
953 1788 1108 1824 accessit
1128 1797 1165 1825 et
1190 1790 1377 1839 speciale,
1397 1791 1424 1827 C
1447 1800 1502 1828 est
1525 1805 1584 1828 me
1607 1792 1737 1828 vivere
1760 1792 1840 1838 illi,
1865 1792 1930 1842 qui
1955 1805 2078 1828 meam
2107 1790 2179 1828 sibi
2205 1791 2374 1841 propriae
2398 1791 2456 1828 vi-

370 1848 475 1898 quod
508 1861 606 1897 pene
636 1847 899 1897 impatientem
932 1862 992 1885 me
1023 1848 1167 1896 reddit,
1197 1858 1240 1886 ut
1269 1863 1382 1899 cogar

368 1908 498 1944 vivere
527 1908 606 1944 sine
623 1906 745 1944 vobis.
778 1911 909 1957 Longa
929 1908 1126 1955 molestia,
1160 1917 1198 1946 et
1226 1909 1382 1947 taediosa

369 1968 603 2018 exspectatio
615 1997 624 2014 ‚
640 1969 798 2004 vanitati
815 1968 903 2005 huic
920 1970 1125 2019 occupanti
1142 1971 1269 2008 omnia
1287 1979 1380 2009 tam-

368 2029 434 2066 diu
454 2042 608 2066 manere
626 2028 862 2078 subjectum,
884 2030 1074 2066 faeculenti
1093 2032 1268 2081 corporis
1284 2032 1378 2068 hor—

369 2091 454 2128 rido
475 2089 701 2126 circumdari
719 2103 888 2136 carcere,
910 2098 947 2127 et
964 2091 1098 2127 mortis
1115 2091 1278 2128 vinculis
1291 2121 1301 2139 ,
1320 2093 1380 2130 fu-

369 2150 558 2199 nibusque
578 2157 823 2199 peccatorum
843 2149 1009 2186 necdum
1026 2149 1196 2198 absolvi,
1215 2160 1253 2189 et
1271 2161 1376 2189 tanto

369 2218 542 2260 tempore
559 2222 636 2245 non
656 2223 736 2246 esse
753 2223 839 2246 cum
857 2210 1019 2248 Christo.
1036 2213 1222 2248 Caeterum
1244 2212 1378 2250 adver-

370 2281 432 2306 sus
467 2268 545 2304 haec
576 2268 704 2304 omnia
736 2282 855 2305 unum
881 2269 973 2306 mihi
1003 2270 1215 2307 remedium
1247 2273 1381 2321 quale-

370 2342 534 2378 cumque
550 2337 649 2373 erat‚
671 2337 708 2365 et
722 2342 811 2366 vere
830 2329 961 2367 datum
983 2330 1161 2382 desuper,
1181 2346 1253 2382 pro
1270 2335 1380 2371 vultu

368 2389 547 2426 videlicet
564 2389 693 2438 gloriae
711 2418 720 2436 ,
741 2390 807 2439 qui
828 2389 1074 2428 absconditus
1091 2401 1147 2429 est
1166 2407 1287 2443 usque
1307 2394 1380 2431 ad-

369 2450 458 2496 huc,
471 2449 601 2485 videre
614 2449 767 2486 interim
786 2451 969 2501 templum
986 2453 1054 2489 Dei
1069 2462 1256 2499 sanctum,
1273 2455 1380 2504 quod

369 2510 456 2547 estis
475 2522 555 2545 vos.
581 2512 638 2546 Ex
662 2508 735 2545 hoc
754 2511 897 2560 templo
920 2511 1037 2548 facilis
1064 2513 1157 2549 mihi
1175 2513 1380 2551 videbatur

371 2569 551 2606 transitus
569 2569 616 2605 ad
632 2569 726 2605 illud
746 2570 953 2618 gloriosum
969 2599 978 2616 ,
997 2571 1045 2607 ad
1063 2572 1167 2620 quod
1189 2574 1380 2623 propheta

373 2629 558 2678 suspirat,
580 2628 710 2665 dicens
731 2643 739 2665 :
767 2630 886 2665 Unam
904 2635 1001 2678 pecli
1023 2645 1046 2666 ιι
1072 2633 1256 2678 Domino,
1281 2634 1380 2670 hanc

1450 1860 1496 1888 tce
1526 1851 1718 1901 positione
1747 1852 1969 1902 acquisivit3
1998 1851 2065 1901 qui
2093 1860 2130 1888 et
2158 1859 2296 1901 potens
2316 1859 2394 1896 est,
2425 1851 2456 1888 si

1448 1911 1539 1961 quid
1560 1912 1728 1961 patimur
1746 1925 1818 1962 pro
1841 1912 1926 1962 ipso
1939 1940 1948 1957 ‚
1971 1924 2264 1961 recompensare
2284 1910 2395 1948 nobis
2415 1911 2455 1948 in

1446 1972 1511 2008 illa
1531 1971 1591 2008 die
1608 1971 1824 2023 misericors
1843 1980 1880 2008 et
1898 1971 2025 2021 justus
2042 1970 2176 2020 judex.
2195 1970 2308 2019 Quod
2334 1971 2364 2008 si
2392 1971 2455 2007 in·
2479 2003 2483 2005 l

1444 2033 1544 2069 vitus
1573 2033 1787 2069 militavero
1816 2033 1884 2079 ei,
1918 2031 2153 2082 dispensatio
2188 2031 2280 2068 mihi
2310 2039 2455 2069 tantum

1445 2092 1588 2129 credita
1613 2100 1697 2138 est,
1729 2100 1766 2129 et
1791 2105 1858 2129 ero
1887 2105 2021 2129 servus
2049 2104 2242 2142 nequam:
2269 2091 2300 2128 si
2328 2100 2454 2129 autem

1444 2153 1599 2199 volens,
1627 2153 1747 2202 gloria
1775 2161 1831 2190 est
1860 2152 1965 2189 mihi.
1991 2156 2036 2190 In
2058 2152 2130 2190 hac
2155 2165 2248 2202 ergo
2275 2151 2472 2202 aliquan-⁵

1445 2213 1568 2250 tulum
1586 2213 1893 2250 consideratione
1912 2213 2071 2264 respir0.
2097 2212 2246 2251 Deinde
2265 2212 2370 2262 quod
2387 2225 2474 2275 sae-,w

1445 2286 1494 2322 pe
1515 2286 1594 2310 non
1616 2273 1710 2310 meis
1735 2273 1878 2310 meritis
1903 2287 2071 2323 superna
2094 2273 2215 2324 gratia
2236 2270 2478 2310 honestavi&

1445 2345 1506 2369 me
1523 2332 1562 2368 in
1577 2331 1773 2369 laboribus
1791 2333 1903 2378 meis,
1928 2341 1966 2369 et
1985 2332 2106 2382 gratia
2122 2332 2185 2369 illa
2202 2333 2241 2369 in
2259 2346 2319 2370 me
2332 2346 2456 2371 vacua

1446 2405 1524 2428 non
1539 2392 1609 2428 fuit
1619 2421 1628 2438 ,
1642 2392 1786 2428 sicutin
1804 2392 1932 2429 multis
1946 2401 2128 2442 expertus
2146 2405 2229 2430 sum
2240 2422 2250 2440 ,
2263 2401 2302 2430 et
2316 2406 2386 2431 vos
2404 2406 2457 2431 ex>
2469 2406 2478 2410 ·

1446 2460 1554 2501 parte
1574 2465 1653 2488 non
1673 2452 1794 2488 latuit.
1816 2451 1888 2490 Sed
1904 2461 1942 2488 et
1960 2452 2031 2489 hac
2045 2452 2128 2490 vice
2148 2466 2263 2502 quam
2280 2440 2469 2491 necessa&

1447 2512 1502 2548 ria
1524 2512 1699 2548 Ecclesiae
1722 2513 1791 2549 Dei
1813 2512 1860 2549 sit
1881 2513 1942 2549 vel
1963 2513 2078 2550 fuerit
2100 2513 2303 2564 praesentia
2323 2512 2454 2564 parvi—

1447 2572 1533 2608 tatis
1565 2580 1730 2616 nostrae‚
1767 2572 1933 2609 dicerem
1971 2572 2018 2609 ad
2052 2573 2354 2610 consolationem
2386 2586 2411 2610 v
2437 2604 2443 2606 ψ

1447 2640 1585 2678 stram,
1613 2632 1643 2669 si
1675 2646 1751 2668 non
1778 2633 1936 2682 gloriam
1963 2633 2166 2670 redoleret.
2190 2636 2300 2670 Nunc
2322 2641 2462 2689 auten),

370 2693 584 2736 requiram,
603 2697 644 2723 ιιι
662 2688 864 2724 inhabitem
885 2693 923 2724 in
947 2691 1056 2725 domo
1078 2692 1232 2726 Domini
1258 2697 1377 2728 onmi-
1394 2698 1428 2732 D
1446 2692 1580 2728 melius
1610 2700 1666 2728 est
1691 2701 1733 2729 ut
1756 2693 1828 2730 hoc
1852 2707 1922 2743 per
1947 2693 2039 2730 alios
2067 2693 2316 2743 cognoscatis.

897 2758 936 2784 ut
965 2752 1117 2786 videam
1149 2754 1376 2788 volantatem

374 2811 549 2852 Domini,
573 2816 612 2843 et
627 2812 774 2843 visitem
795 2811 975 2856 templum
993 2815 1072 2856 esus
1087 2816 1112 2846 ².

427 2866 462 2903 2.
481 2866 580 2915 Quid
599 2866 747 2903 dicam?
767 2868 917 2916 quoties
945 2868 983 2905 id
1010 2869 1185 2907 solatium
1207 2871 1379 2923 interpo-

371 2927 491 2964 latum
520 2934 577 2962 est
605 2925 718 2962 mihi?
747 2929 844 2963 Ecce
874 2926 947 2963 hoc
979 2928 1109 2974 tertio,
1141 2929 1211 2966 nisi
1244 2930 1374 2977 fallor,

375 2987 505 3023 avulsa
531 2993 621 3022 sunt
642 2998 663 3021 a
692 2998 751 3022 me
775 2986 918 3023 viscera
942 3000 1025 3024 mea
1041 2986 1070 3024 ¹³.
1094 2990 1246 3026 Parvuli
1271 2990 1377 3028 abla-

373 3046 463 3083 ctati
477 3053 566 3083 sunt
582 3053 668 3081 ante
688 3053 837 3095 tempus
855 3061 862 3082 :
882 3046 986 3096 ipsos
1003 3061 1099 3097 quos
1116 3062 1184 3098 per
1205 3053 1378 3101 Evange-

374 3107 466 3144 lium
487 3105 620 3156 genui,
639 3118 717 3142 non
739 3106 823 3142 licet
841 3106 1017 3144 educare.
1037 3109 1196 3159 Propria
1213 3110 1377 3161 denique

371 2748 436 2784 bus
463 2747 593 2783 diebus
617 2752 710 2783 vitoe
739 2761 836 2783 meoe
860 2762 871 2782 :

425 3247 434 3262 ¹
453 3240 534 3272 Psal,
551 3249 675 3277 vant,
695 3242 749 3271 27.
769 3258 812 3262 —
830 3245 841 3261 ²
857 3241 936 3272 Psal.
960 3252 1038 3272 xxvi
1052 3266 1059 3279 ‚
1082 3245 1112 3272 4.

1496 2751 1531 2788 4.
1563 2753 1838 2790 Instantissima
1878 2753 2137 2803 postulatione
2172 2753 2446 2802 Imperatoris,

1443 2812 1730 2863 apostolicoque
1761 2813 1940 2850 mandato
1962 2842 1972 2860 ,
2011 2826 2163 2850 necnon
2191 2813 2369 2850 Ecclesiae
2405 2825 2455 2852 ae·

1444 2872 1662 2923 principum
1688 2873 1867 2924 precibus
1886 2874 1974 2911 ssexi
1987 2905 1998 2922 ‚
2016 2873 2188 2911 dolentes
2207 2882 2246 2911 et
2262 2874 2470 2922 nolentesff‘

1444 2931 1588 2969 debiles
1612 2941 1726 2983 atque
1750 2934 1914 2981 infirmi,
1935 2942 1994 2981 et,
2016 2942 2059 2971 ut
2073 2946 2209 2971 verum
2227 2934 2359 2981 fatear,
2379 2947 2456 2985 paq

1442 2992 1541 3030 vidae
1558 2995 1690 3031 mortis
1706 2995 1886 3045 pallidam
1905 2995 2217 3033 circumferentes
2230 2995 2468 3093 imaginenz
2492 3039 2495 3051 Ἰ.

1446 3053 1632 3091 trahimur
1658 3055 1698 3091 in
1728 3055 1920 3105 Apuliam.
1951 3059 2098 3106 Rogate
2128 3068 2214 3106 quae
2234 3054 2292 3092 ·ad
2315 3067 2409 3106 pace
2444 3060 2447 3062 ’

1444 3122 1531 3149 sunt
1562 3115 1767 3160 Ecclesiae,
1805 3123 1934 3165 rogate
1967 3129 2053 3165 quae
2082 3115 2130 3153 ad
2163 3116 2322 3153 s‘alutem
2359 3113 2492 3175 ⁵11an
2527 3140 2533 3146 -

1445 3248 1458 3262 ³
1481 3245 1600 3288 Scripta
1620 3256 1702 3277 anno
1719 3245 1834 3279 Christi
1854 3248 1953 3278 1137.

421 3297 436 3319 b
454 3302 535 3333 Hinc
550 3307 635 3343 patet
646 3325 653 3339 ,
669 3301 861 3333 Bernardum
877 3308 923 3333 ter
939 3303 969 3333 in
991 3303 1110 3334 ltaliam
1130 3303 1300 3344 profectum
1315 3316 1390 3336 esse.
1406 3306 1484 3337 vide
1502 3306 1743 3347 chronologiam
1763 3312 1913 3339 nostram.
