2517 3920
345 208 437 244 1031

338 287 487 336 plenius
507 286 762 336 expressisset.
783 286 906 323 Credo
927 285 1156 323 erubescens
1176 288 1213 322 in
1240 300 1346 323 sum-

1112 211 1146 245 S.
1178 210 1431 245 BERNARDI
1459 208 1665 245 ABBATIS

1352 286 1396 304 421

2325 209 2422 248 1032

1420 286 1536 322 bilror
1564 284 1885 331 comprehendisse
1909 289 1934 318 ².
1976 285 2066 321 Haec
2094 283 2250 322 scientia
2279 296 2428 326 sancto-

338 361 401 384 mo
421 347 588 397 positum
613 347 718 397 apice
738 347 858 384 videri
879 347 1072 384 hominem
1098 348 1243 384 nudum
1258 377 1267 393 ,
1292 348 1348 383 fe·
1368 352 1400 384 A
1421 359 1505 382 rum
1529 361 1537 382 ε
1560 345 1639 380 haec
1659 345 1771 392 longe
1797 342 1844 379 ab
1865 343 1929 379 illa
1961 356 2048 392 quae
2072 344 2195 381 inflat.
2228 347 2336 383 Hanc
2363 349 2428 397 qui

340 408 493 444 stinavit
527 407 686 443 induere
728 406 938 455 insignibus
978 406 1066 443 suis.
1105 406 1260 455 Absque
1294 406 1352 442 his

337 481 476 516 nempe
519 481 564 503 eo
603 467 811 503 deformior
830 495 839 511 ,
879 480 956 516 quo
997 467 1179 502 illustrior
1223 478 1344 514 pares.

336 526 530 575 Numquid
552 535 678 575 potest
698 526 878 562 abscondi
902 526 1062 561 civitatis
1092 538 1207 573 supra
1234 537 1347 559 mon-

340 595 413 623 tem
435 587 567 636 positae
590 586 795 631 desolati03
819 594 882 621 aut
903 586 1018 620 latere
1039 585 1163 620 fumus
1182 585 1346 619 lucernae

338 646 531 682 exstincta=
553 659 667 694 super
687 643 956 681 candelabrum
975 645 988 679 Ρ
1013 643 1128 680 Simia
1151 643 1189 678 in
1223 650 1343 686 tecto,

339 718 406 741 rex
427 706 550 741 fatuus
572 705 610 740 in
632 704 727 740 solio
761 703 908 739 sedens.
945 706 990 738 Et
1011 715 1113 738 nunc
1141 701 1229 737 audi
1257 714 1348 737 can-

341 765 455 800 ticum
478 777 626 808 meum,
651 771 687 798 et
709 762 865 811 quidem
890 762 1013 797 minus
1035 774 1149 797 suave
1165 790 1174 807 ‚
1197 760 1262 797 sed
1288 774 1347 797 sa—

339 825 472 860 lutare.
494 827 736 860 Monstruosa
757 835 817 858 res
837 821 975 870 gradus
998 833 1185 865 summus,
1207 829 1244 857 et
1264 821 1348 856 ani—

338 898 423 920 mus
446 885 598 919 iniimus
620 898 627 919 :
649 882 756 919 sedes
776 881 899 931 prima
913 910 922 926 ‚
945 889 982 917 et
1001 881 1079 917 vita
1102 881 1199 927 ima;
1220 881 1349 930 lingua

338 944 602 992 magniloqua,
630 951 667 979 et
695 955 829 978 manus
849 941 996 986 otiosa;
1032 954 1158 978 sermo
1185 941 1348 987 multus,

338 1012 375 1039 et
398 1004 430 1039 f1
434 1011 542 1039 uetus
562 1003 710 1047 nullus3
730 1002 887 1037 xultus
879 1001 1025 1050 gravis,
1050 1009 1087 1036 et
1108 1009 1214 1037 actus
1231 1001 1347 1046 lexis3

1420 405 1599 454 apponit,
1625 403 1786 453 apponit
1806 411 1843 439 et
1874 403 2046 439 dolorem
2066 403 2080 427 3
2115 418 2123 440 :
2160 403 2226 440 sed
2255 404 2430 445 dolorem

1414 465 1516 500 hunc
1549 477 1663 499 nemo
1697 476 1866 511 unquam
1900 462 2051 512 sapiens
2090 462 2330 514 subterfugit.
2365 468 2430 504 Est

1415 523 1558 572 quippe
1580 522 1814 558 medicinalis
1835 522 1969 567 dolor,
1997 535 2066 571 per
2083 536 2197 571 quem
2217 532 2352 573 stupor
2367 525 2429 563 ille

1414 583 1536 618 letalis
1557 583 1673 618 animi
1703 581 1790 618 duri
1824 590 1861 618 et
1887 582 2162 631 impoenitentis
2193 584 2427 623 extunditur.

1414 645 1462 678 Et
1484 642 1572 678 ideo
1595 642 1764 691 sapiens,
1795 642 1861 690 qui
1899 641 2025 678 dicere
2061 642 2187 691 potuit
2215 657 2222 679 :
2256 644 2308 678 Et
2328 645 2432 680 dolor

1415 715 1517 737 meus*
1539 707 1577 737 ῘΙΖ
1597 711 1796 750 ΟΟΠΧΙΒΕΓΖΜ
1817 716 1897 737 meo
1919 703 2110 750 SEIIIJJHI‘4·
2137 706 2247 740 Nunc
2259 701 2340 751 jam
2364 717 2429 740 re-

1414 761 1590 811 petendae
1613 762 1782 811 reliquiae
1798 791 1808 808 ,
1836 761 1866 798 si
1894 775 1980 811 quae
2012 770 2120 807 sunt,
2152 762 2228 799 loci
2257 762 2381 810 illius,
2408 777 2430 801 a

1417 834 1494 870 quo
1514 822 1632 871 paulo
1653 830 1740 858 ante
1769 821 2005 858 divertimus.

1761 939 1942 978 CAPUT
1977 940 2096 979 VIII.

334 1064 468 1111 ingens
488 1063 720 1107 auctoritas,
743 1070 780 1097 et
801 1069 939 1097 nutans
965 1069 1007 1096 st·
1001 1060 1159 1097 nbilitas.
1181 1060 1347 1097 Admovi
1367 1064 1394 1098 Β
1413 1063 1462 1092 De
1480 1060 1647 1104 pontificiae
1671 1059 1828 1102 dignitatis
1850 1066 1881 1092 et
1904 1061 2067 1103 potestatis
2087 1060 2270 1092 excellentia
2296 1059 2431 1093 disserit.

335 1123 562 1172 speculum.
585 1122 704 1158 foedus
727 1135 765 1158 se
792 1122 831 1157 in
856 1135 902 1158 eo
922 1122 1050 1158 xultus
1074 1129 1284 1170 agnoscat:
1308 1128 1349 1156 tu

335 1192 443 1220 tuum
464 1182 585 1232 gaude
607 1182 824 1218 dissimilem
850 1182 915 1217 im
919 1181 1026 1217 eniri
1047 1181 1199 1230 Inspice
1221 1188 1348 1216 tamen

336 1251 372 1280 et
393 1251 454 1289 tu,
488 1255 535 1278 ne
555 1242 676 1286 forte,
715 1241 783 1277 etsi
812 1241 859 1277 sit
887 1240 990 1276 unde
1024 1240 1161 1276 merito
1198 1240 1348 1289 placeas

335 1301 428 1347 tibi,
449 1301 561 1338 etiam
582 1301 621 1336 in
642 1314 718 1349 quo
740 1299 878 1336 debeas
899 1299 1098 1348 displicere
1112 1328 1121 1344 ,
1142 1312 1220 1335 non
1238 1298 1347 1336 desit.

334 1363 431 1399 Yolo
461 1361 633 1410 glorieris
662 1360 878 1396 testimonio
900 1359 1140 1396 conscientiae
1168 1367 1260 1405 tuae,
1283 1357 1348 1395 sed

336 1436 415 1459 non
434 1423 559 1458 minus
579 1430 621 1458 ut
641 1421 776 1457 eodem
796 1422 880 1470 ipso
902 1420 1124 1456 humilieris.
1142 1423 1243 1456 Rara
1258 1433 1347 1465 vox,

860 1488 884 1515 ¹.
901 1481 1056 1518 Cautior
1076 1480 1114 1516 in
1135 1480 1247 1516 bonis
1268 1494 1349 1516 am-

337 1543 465 1589 bulas,
488 1543 517 1579 si
541 1550 578 1578 et
599 1542 695 1578 mala
720 1555 797 1577 non
820 1541 972 1577 lateant.
993 1539 1253 1588 Quamobrem
1269 1569 1278 1586 ,
1308 1548 1350 1576 ut

338 1603 440 1649 dixi,
463 1602 615 1638 noveris
637 1610 694 1648 te,
727 1610 770 1637 ut
802 1602 902 1637 inter
934 1601 1124 1650 angustias
1156 1614 1241 1650 quae
1271 1614 1349 1637 non

339 1663 499 1709 desunt,
524 1663 661 1699 fruaris
693 1662 936 1698 conscientiae
966 1661 1095 1707 bono3
1131 1662 1248 1710 magis
1279 1674 1348 1697 au—

338 1731 412 1759 tem
446 1731 489 1759 ut
521 1723 614 1759 scias
635 1722 726 1772 quid
746 1721 842 1758 desit
865 1721 942 1757 tibi.
966 1724 1059 1758 Nam
1082 1722 1142 1757 cui
1172 1734 1249 1757 non
1282 1720 1348 1756 de—

338 1783 411 1819 sit?
432 1782 568 1819 Omnia
588 1782 642 1817 illi
664 1781 823 1826 desunt,
848 1781 913 1829 qui
936 1781 986 1816 nil
1008 1779 1079 1816 sibi
1102 1780 1209 1817 desse
1226 1788 1347 1830 putat.

339 1484 444 1519 Nihil
455 1483 549 1518 milti
567 1487 735 1517 conscius
759 1496 837 1517 sum

337 1840 438 1888 Quid
474 1841 503 1876 si
536 1853 706 1876 summus
731 1840 908 1876 Pontifex
935 1840 1010 1875 sis?
1042 1840 1234 1888 Numquid
1261 1840 1349 1889 quia
1369 1846 1396 1881 C
1419 1844 1768 1893 mnt0g¹101iosius
1790 1851 1933 1892 quanto
1954 1852 1991 1880 et
2012 1843 2253 1879 differentius
2278 1841 2442 1878 utrum-²

339 1914 509 1937 summus
526 1900 722 1946 Pontifex,
751 1900 837 1936 ideo
856 1913 1025 1936 summus
1041 1902 1055 1936 ,⁰
1081 1901 1259 1937 Infimum
1280 1914 1351 1937 no—

340 1961 391 1997 ris
412 1974 492 1997 esse
511 1990 519 2007 ,
542 1962 571 1997 si
592 1974 783 1997 summum
804 1969 927 2011 putas.
953 1961 1045 2008 Quis
1066 1974 1236 1997 summus
1252 1963 1265 1997 Ρ
1282 1961 1351 1998 Cui

341 2021 428 2057 addi
446 2034 523 2058 non
544 2022 675 2071 possit.
697 2022 873 2060 Graviter
892 2035 1017 2067 erras,
1037 2022 1066 2058 si
1089 2030 1124 2058 te
1147 2022 1254 2058 illum
1276 2022 1351 2058 exi-

341 2081 481 2117 stimes.
505 2080 625 2118 Absit.
650 2085 734 2118 Non
758 2089 797 2117 tu
822 2081 868 2117 de
893 2081 965 2117 illis
987 2094 1044 2127 es,
1067 2081 1132 2130 qui
1151 2081 1351 2130 dignitates

341 2141 502 2177 virtutes
523 2150 669 2190 putant.
691 2141 774 2178 Tibi
796 2150 882 2177 ante
900 2150 1057 2190 experta
1075 2141 1214 2186 virtus,
1236 2154 1350 2190 quam

342 2199 504 2249 dignitas
525 2201 607 2237 fuit.
635 2201 813 2250 Augustis
846 2201 1052 2250 relinquito
1074 2201 1176 2237 illam
1198 2209 1352 2238 senten-

344 2260 432 2296 tiam
457 2290 466 2307 ,
501 2261 657 2310 aliisque
681 2291 690 2307 ‚
727 2261 791 2310 qui
826 2260 965 2297 divinis
990 2268 1003 2282 ²¹
1032 2262 1105 2297 coli
1140 2261 1352 2298 honoribus

342 2332 421 2356 non
440 2321 650 2357 timuerunt
671 2336 678 2357 ;
701 2320 807 2358 verbi
825 2322 957 2370 gratia,
980 2321 1352 2369 Nabuchodonosor,

342 2380 584 2427 Alexandro,
605 2381 816 2427 Antiocho,
839 2381 995 2418 Herodi.
1030 2386 1086 2419 Tu
1107 2396 1198 2418 vero
1221 2383 1350 2419 consi-

344 2439 433 2476 dera
454 2454 530 2477 non
551 2442 879 2478 consummatione
902 2456 1093 2479 summum
1114 2452 1148 2480 te
1168 2443 1241 2481 dici
1255 2473 1264 2490 ,
1286 2443 1353 2480 sed

344 2501 641 2550 comparatione.
675 2505 752 2538 Nec
786 2515 846 2538 me
878 2511 991 2552 putes
1025 2504 1353 2554 comparationem

345 2561 469 2597 dicere
501 2562 725 2598 meritorum
748 2591 757 2608 ,
795 2563 859 2599 sed
889 2563 1200 2600 ministeriorum.
1231 2565 1289 2602 Sic
1318 2573 1354 2601 te

1480 1183 1539 1218 15.
1573 1185 1674 1230 Age,
1705 1181 1931 1230 indagemus
1963 1180 2087 1218 adhuc
2120 1180 2339 1231 diligentius
2367 1183 2431 1231 qui

1415 1241 1463 1278 sis
1474 1240 1504 1286 b,
1525 1255 1640 1291 quam
1666 1254 1775 1291 geras
1796 1242 1976 1278 videlicet
1995 1255 2067 1292 pro
2093 1250 2267 1292 tempore
2297 1254 2430 1291 perso-

1416 1314 1504 1337 nam
1534 1301 1573 1337 in
1608 1301 1775 1337 Ecclesia
1795 1301 1878 1337 Dei.
1914 1301 2008 1349 Quis
2041 1303 2110 1338 es?
2136 1300 2320 1338 Sacerdos
2349 1314 2432 1338 ma·

1416 1375 1537 1411 gnus,
1571 1374 1743 1398 summus
1776 1361 1967 1398 Pontifex.
2001 1365 2057 1398 Tu
2077 1361 2258 1411 princeps
2285 1360 2432 1411 episco-

1416 1434 1556 1470 porum
1581 1450 1590 1467 ,
1628 1429 1670 1457 tu
1705 1421 1825 1458 haeres
1848 1421 2126 1470 Apostolorum
2151 1449 2161 1467 ‚
2193 1429 2234 1457 tu
2268 1421 2432 1471 primatu

1415 1481 1537 1528 Abel,
1563 1480 1777 1531 gubernatu
1800 1485 1880 1518 Noe
1896 1509 1906 1526 ,
1931 1481 2191 1531 patriarchatu
2217 1479 2431 1528 Abraham,

1417 1542 1553 1578 ordine
1584 1541 1884 1587 Melchisedech,
1906 1541 2090 1590 dignitate
2110 1545 2240 1578 Aaron
2260 1568 2270 1586 ,
2301 1548 2432 1577 aucto-

1418 1604 1527 1639 ritate
1546 1606 1700 1651 Moyses
1713 1631 1723 1648 ,
1749 1601 1925 1650 judicatu
1945 1602 2122 1647 Samuel,
2153 1609 2343 1651 potestate
2364 1603 2432 1638 Pe-

1417 1672 1516 1709 trus,
1550 1663 1733 1699 unctione
1759 1662 1942 1700 Christus.
1973 1665 2029 1699 Tu
2060 1675 2098 1699 es
2122 1662 2183 1698 cui
2202 1661 2326 1698 claves
2353 1669 2432 1698 tra-

1417 1723 1526 1769 ditae,
1560 1723 1621 1760 cui
1653 1736 1743 1759 oves
1773 1722 1926 1759 creditae
1953 1731 2054 1759 sunt.
2091 1726 2187 1761 Sunt
2217 1721 2372 1771 quidem
2397 1730 2434 1758 et
2486 1715 2489 1724 ³

1417 1785 1480 1821 alii
1501 1783 1806 1832 coelijanitoiQes
1833 1792 1871 1820 et
1899 1797 2055 1833 gregum
2077 1792 2281 1833 pastoreS.
2304 1781 2369 1819 sed
2391 1789 2431 1818 tu

1417 1918 1491 1955 que
1524 1918 1604 1954 piae
1639 1904 1784 1940 caeteris
1819 1917 1963 1940 nomen
1998 1903 2242 1940 haereditasti.
2276 1901 2429 1939 Habent

1417 1966 1472 2002 illi
1490 1965 1560 2001 sibi
1582 1965 1790 2013 assignatos
1808 1977 1962 2014 greges,
1983 1964 2123 2013 singuli
2140 1963 2340 2013 singulos:

1417 2026 1509 2062 unix
1513 2025 1585 2062 ersi
1608 2024 1768 2071 eiediti,
1790 2025 1857 2061 uni
1881 2024 2014 2061 unus*

1418 2086 1483 2123 sed
1504 2094 1541 2122 et
1562 2094 1760 2135 pastorum
1790 2093 1831 2121 tu
1858 2098 1958 2121 unus
1979 2084 2151 2121 omnium
2180 2092 2325 2134 pastor.
2354 2086 2432 2121 Un-

1420 2147 1465 2183 de
1493 2146 1531 2183 id
1564 2145 1725 2196 probem
1749 2146 1916 2195 quaeris?
1947 2149 2005 2182 Ex
2024 2144 2146 2182 verbo
2174 2144 2342 2182 Domini.
2364 2142 2433 2181 cui

1419 2207 1520 2243 enim
1538 2235 1546 2252 ,
1572 2220 1649 2242 non
1672 2205 1758 2242 dico
1779 2207 2050 2255 episcoporum
2066 2234 2076 2251 ,
2107 2204 2174 2241 sed
2201 2204 2314 2241 etiam
2333 2208 2433 2253 Apo-

1420 2267 1605 2303 stolorum
1637 2266 1689 2303 sic
1723 2265 1896 2303 absolute
1917 2274 1954 2301 et
1973 2264 2178 2302 indiscrete
2208 2272 2296 2301 totae
2330 2275 2433 2300 com-

1421 2328 1543 2364 missae
1563 2335 1652 2364 sunt
1673 2329 1793 2363 oves?
1830 2328 1871 2362 Si
1895 2340 1954 2362 me
1989 2339 2120 2370 amas,
2157 2327 2268 2361 Petre
2280 2353 2292 2370 ,
2319 2335 2433 2372 pasce

1420 2403 1500 2424 oves
1521 2402 1623 2423 meas
1640 2387 1666 2424 ⁵.
1688 2388 1820 2435 Quas?
1845 2387 1947 2424 illius
1969 2387 2029 2423 vel
2060 2386 2164 2423 illius
2184 2384 2350 2436 populos
2376 2383 2431 2420 ci-
2478 2415 2481 2422 .

1418 2448 1560 2494 vitatis,
1575 2456 1639 2484 aut
1659 2448 1838 2496 regionis,
1851 2456 1915 2484 aut
1931 2447 2024 2484 certi
2041 2454 2054 2469 ⁰
2066 2445 2195 2495 regni?
2214 2447 2307 2482 Oves
2318 2456 2430 2488 meas,
2478 2459 2480 2466 ·

1420 2509 1555 2557 inquit.
1574 2508 1643 2544 Cui
1661 2521 1738 2543 non
1752 2508 1925 2557 planum,
1945 2520 2022 2543 non
2043 2506 2259 2555 designasse
2270 2504 2431 2554 aliquas,
2476 2503 2483 2538 τ’

1422 2568 1487 2605 sed
1508 2568 1716 2617 assignasse
1735 2569 1896 2604 omnes?
1925 2567 2025 2604 Nihil
2046 2566 2238 2616 excipitur
2252 2594 2262 2611 ‚
2282 2563 2351 2602 ubi·
2374 2562 2432 2600 di-

345 2621 532 2657 existimet
551 2622 666 2658 homo
679 2652 688 2668 ,
707 2631 748 2659 ut
770 2623 984 2660 ministrum
1002 2624 1158 2669 Christi,
1178 2633 1214 2661 et
1235 2625 1354 2675 (quod
1372 2632 1406 2666 D
1423 2628 1627 2678 stinguitur
1647 2627 1751 2664 nihil.
1774 2631 1822 2664 Et
1843 2627 1939 2664 forte
1960 2634 2168 2677 praesentes
2194 2625 2319 2662 caeteri
2342 2635 2432 2660 con-

347 2679 488 2730 absque
514 2682 738 2731 praejudicio
770 2684 977 2720 sanctitatis
1000 2683 1210 2733 cujuspiam
1244 2685 1354 2721 dixe-

347 2741 433 2789 rim)
456 2754 645 2778 summum
669 2743 782 2792 plane
802 2744 902 2782 inter
926 2744 1132 2781 ministros.
1155 2744 1256 2781 Alias
1286 2745 1356 2781 niti

350 2808 386 2835 te
408 2800 452 2836 ad
478 2814 666 2838 summum
696 2804 808 2840 velim
825 2833 834 2850 ,
863 2817 941 2840 non
972 2812 1108 2853 putare
1137 2817 1326 2841 summum
1343 2833 1352 2850 ,

351 2868 415 2895 aut
440 2861 536 2896 velle
570 2863 695 2910 putari
729 2872 931 2913 antequam
952 2864 1011 2900 sis.
1045 2868 1137 2902 Nam
1158 2864 1355 2914 quomodo

351 2920 524 2967 proficis,
549 2921 579 2956 si
602 2921 681 2969 jam
713 2924 852 2960 sufficis
875 2923 974 2960 tibi?
1004 2928 1089 2962 Non
1115 2925 1162 2961 sit
1192 2925 1357 2974 proinde

353 2977 420 3014 tibi
440 2987 504 3014 aut
523 2980 673 3028 pigrum
696 2984 878 3031 vestigare
903 2984 995 3033 quid
1023 2984 1140 3031 desit,
1162 2994 1227 3022 aut
1249 2986 1356 3023 fateri

353 3037 457 3087 quod
485 3037 580 3074 desit
614 3042 884 3079 verecundum.
914 3047 1090 3093 Loquere
1122 3053 1160 3081 et
1194 3053 1235 3082 tu
1263 3059 1359 3082 voce

353 3097 601 3133 antecessoris
622 3099 675 3134 tui
692 3127 702 3144 ,
733 3103 816 3136 Non
837 3106 1032 3149 quodsum
1055 3110 1278 3153 acceperim,
1296 3116 1362 3142 αιιί

346 3161 430 3202 jam
443 3156 635 3205 perfectus
653 3163 723 3195 sim
746 3174 757 3194 .·
777 3169 813 3196 et
834 3175 982 3198 rursum
998 3192 1008 3207 ,
1027 3166 1108 3213 Ego
1131 3179 1188 3200 me
1207 3179 1280 3201 non
1299 3180 1360 3202 (ιν-

1422 2688 1598 2738 discipuli
1615 2696 1726 2724 erant
1739 2717 1748 2733 ‚
1767 2701 1854 2724 cum
1875 2687 2120 2724 committens
2140 2685 2207 2722 uni
2222 2715 2232 2732 ,
2253 2684 2431 2722 unitatem

1422 2747 1601 2784 omnibus
1634 2746 1922 2784 commendaret
1953 2747 1992 2783 in
2029 2758 2109 2782 uno
2143 2758 2256 2795 grege
2290 2752 2327 2780 et
2357 2753 2431 2779 uno
2474 2755 2477 2760 ·

1422 2816 1574 2858 pastore
1599 2837 1607 2852 ‚
1638 2807 1849 2845 secundum
1885 2806 1980 2844 illud
2020 2819 2028 2841 :
2075 2808 2159 2842 Una
2181 2815 2236 2841 est
2268 2801 2430 2840 columba

1423 2882 1507 2904 mea
1520 2897 1530 2913 ‚
1554 2866 1727 2915 formosa
1751 2882 1858 2913 neca,
1880 2865 2052 2916 perfecta
2077 2880 2163 2902 mea
2178 2864 2206 2903 ⁶.
2235 2864 2312 2903 Ubi
2342 2861 2430 2900 uni-

1425 2936 1479 2965 tas
1495 2957 1504 2974 ‚
1522 2927 1575 2964 ibi
1597 2928 1794 2977 perfectio.
1817 2927 1970 2977 Reliqui
1990 2926 2142 2962 numeri
2161 2923 2430 2975 perfectionem

1426 3001 1503 3025 non
1536 2987 1678 3025 habent
1695 3017 1704 3034 ,
1741 2987 1807 3025 sed
1841 2987 2068 3024 divisionem
2085 3014 2094 3031 ,
2127 2984 2346 3022 recedentes
2383 2979 2430 3019 ab

1425 3049 1584 3085 unitate.
1616 3048 1711 3085 Inde
1734 3057 1790 3085 est
1810 3046 1913 3098 quod
1934 3047 1995 3084 alii
2015 3046 2153 3095 singuli
2173 3045 2337 3095 singulas
2354 3053 2430 3079 sor-

1426 3109 1483 3145 titi
1504 3116 1593 3145 sunt
1610 3107 1758 3157 plebes,
1778 3109 1936 3145 scientes
1948 3114 2242 3144 sacramentum.
2263 3102 2430 3152 Denique

1424 3168 1590 3206 Jacobus
1605 3198 1615 3215 ,
1638 3169 1703 3218 qui
1723 3168 1927 3206 videbatur
1943 3169 2124 3205 columna
2145 3165 2319 3203 Ecclesiae
2331 3192 2340 3209 ,
2356 3159 2430 3199 u‘na

406 3293 599 3330 ¹1C0¹²¹V⁹
618 3295 649 3324 4·
667 3312 705 3315 ““
722 3300 733 3315 ²
752 3294 938 3337 Philip-11¹³
961 3299 998 3327 ¹2
1014 3320 1021 3334 ⁹
1040 3301 1091 3330 13.
1105 3298 1166 3320 -3
1183 3301 1764 3339 Ecclc.1‚18.——-5Psal.xxxv11,
1790 3305 1843 3333 18.
1861 3300 2036 3334 —5Joan.
2053 3314 2134 3341 xxi,
2154 3303 2207 3333 15.
2222 3295 2294 3322 -5
2311 3293 2426 3330 Cantic-

402 3355 502 3388 x‘1‚S.

1434 3364 1445 3377 ·
1463 3361 1570 3398 Alias,
1587 3361 1676 3392 dis-is.
1692 3379 1735 3383 -
1750 3354 1766 3377 ¹³
1781 3361 1887 3398 Alias,
1903 3362 1973 3406 quis
1989 3361 2043 3393 sis.
2055 3381 2099 3385 -
2117 3366 2131 3382 c
2146 3359 2234 3392 Anas
2247 3362 2336 3388 certe.

2366 1961 2432 2000 tibi

2019 2027 2127 2061 .Nec
2146 1992 2263 2060 mondo
2283 2023 2431 2069 ovium,
2482 2065 2485 2077 Ι
