2517 3936
19 3342 21 3358 1

72 166 162 204 1181

65 364 270 414 praedictus
305 369 416 403 Pater
446 367 631 416 instituit,
654 381 719 408 aut
755 384 856 412 certe
891 379 995 426 quod
1027 381 1074 417 sit

65 424 274 462 secundum
309 426 412 476 quod
445 427 622 466 instituit.
654 431 712 468 Sic
733 446 772 469 se
793 436 936 486 quippe
960 439 1074 477 habet

64 484 263 534 professio.
286 502 300 518 «
322 486 530 534 Promitto,
554 505 568 522 »
589 502 667 526 non
687 493 844 541 quidem
865 499 1070 546 Regulam,

64 543 148 590 sed,
174 544 464 584 «obedientiam
502 549 713 587 secundum
743 555 927 602 Regulam
953 560 1072 596 sancti

63 621 79 638 υ
97 604 305 642 Benedicti.
329 623 343 639 »
367 610 451 643 Non
484 620 575 657 ergo
601 611 811 648 secundum
833 615 1071 655 voluntatem

61 664 274 714 praepositi.
297 666 464 704 Proinde
485 667 514 704 si
534 669 709 718 professo
736 673 946 710 secundum
966 677 1070 714 illam

60 722 244 772 Regulam
262 722 378 761 abbas
399 738 504 763 meus
525 727 618 764 mihi
636 729 738 765 aliud
759 730 858 767 forte
871 732 1071 783 imponere

62 783 266 820 tentaverit
293 785 397 834 quod
429 799 507 823 non
541 788 588 824 sit
614 789 825 827 secundum
855 794 1066 842 Regulam,

61 851 127 880 aut
154 843 268 881 etiam
297 846 402 895 quod
428 860 506 884 non
527 848 575 885 sit
597 850 807 888 secundum
830 852 900 889 ista
920 854 1071 892 institu-

62 911 117 949 ta,
138 902 244 941 verbi
267 919 402 953 causa,
427 908 580 956 Basilii,
603 912 826 960 Augustini,
848 914 1040 952 Pachomii
1061 931 1068 953 :

59 976 232 1012 quaenam
254 967 367 1014 mihi,
387 982 538 1018 quaesQ
562 971 601 1007 in
621 971 692 1009 hac
712 987 753 1010 re
775 975 978 1013 necessitas
998 976 1071 1013 im-

59 1023 176 1061 minet
189 1025 454 1077 obsequendi?
475 1030 605 1067 Solum
623 1032 769 1083 quippe
786 1034 824 1070 id
842 1047 862 1071 3
878 1048 938 1072 1110

58 1084 156 1135 exigi
175 1086 357 1137 arbitror,
378 1090 484 1140 quod
505 1092 666 1141 promisi
683 1093 711 1131 *.

443 1216 623 1257 CAPUT
652 1219 702 1259 V.

55 1334 169 1375 Legem
187 1333 376 1368 obedientiae
391 1348 456 1369 non
470 1349 536 1371 esse
552 1340 785 1373 extendendam
804 1353 820 1374 a
837 1343 973 1386 praelatis
988 1345 1067 1378 ultra

124 1387 236 1420 limites
260 1390 486 1433 professionis,
507 1405 612 1437 neque
630 1396 710 1428 citra
733 1397 992 1431 contrahendam.

110 1505 172 1541 11.
209 1504 354 1544 Videtis
388 1520 481 1558 ergo
517 1509 593 1559 jam
630 1509 861 1549 obedientiae
899 1513 1037 1552 limites
1055 1543 1064 1561 ‚

55 1576 152 1614 quos
173 1565 381 1614 requiritis.
414 1568 452 1605 Si
472 1569 611 1607 modus
630 1579 687 1608 est
706 1571 939 1610 obeditionis
957 1582 1069 1612 tenor

54 1624 303 1675 professionis
316 1642 326 1674 3
357 1641 428 1666 nec
458 1642 497 1667 se
520 1631 646 1668 valeat
668 1633 878 1670 extendere
898 1643 1067 1684 potestas

54 1684 297 1735 imperantis,
318 1687 392 1726 nisi
411 1698 602 1739 quatenus
629 1692 796 1742 attigerit
822 1702 956 1731 votum
975 1709 1068 1746 pro-

55 1744 196 1783 fitentis
219 1761 227 1784 :
251 1748 429 1797 profecto
450 1750 564 1798 citra,
582 1760 620 1788 et
639 1753 759 1798 ultra,
783 1767 932 1791 necnon
951 1756 1065 1793 etiam

581 176 727 212 LIBER
756 180 821 214 DE
851 181 1117 221 PRAECEPTO
1147 189 1206 222 ET
1237 189 1628 231 DISPENSATIONE.

66 244 163 281 circa
185 244 224 282 id
244 245 388 291 solum,
410 248 515 296 quod
548 260 694 288 rectum
724 267 805 292 esse
831 259 1045 298 constiterit
1062 263 1130 308 3⁸⁰⁴

66 317 135 341 nec
168 304 367 354 quodlibet
402 315 572 354 rectum,
604 311 668 346 sed
702 312 774 350 1100
796 323 943 353 tantum
965 320 1069 368 quod
1090 322 1117 355 A

2044 213 2051 247 1
2070 213 2139 251 182

1143 273 1281 302 metam
1320 265 1548 305 obediontiae
1587 272 1842 321 subjectorum
1874 293 1919 317 cx
1957 287 2053 323 votis
2087 290 2141 326 la-

1139 324 1289 361 biorum
1318 326 1488 375 ipsorum
1507 356 1515 372 ‚
1550 342 1625 366 nou
1656 346 1808 372 suorum
1841 339 2138 386 desideriorum:

1142 393 1342 421 monentes
1359 398 1423 422 cos
1440 415 1449 432 ,
1472 400 1549 423 11011
1577 401 1754 438 cogentes
1775 397 1819 431 ad
1844 401 2023 449 celsiora,
2049 420 2139 444 con-

1140 443 1415 482 descendentes
1440 446 1513 491 015,
1547 461 1632 485 011111
1662 464 1812 490 neccsse
1842 458 1953 496 suerit

1140 504 1337 551 missiora3
1359 518 1436 542 non
1460 507 1636 545 cadentes
1661 523 1745 547 cum
1773 513 1837 550 eis.

1967 491 1975 506 ‚
2007 465 2051 500 ad
2081 481 2139 504 re-

1498 631 1680 671 CAPUT
1709 634 1781 674 VI.

1136 749 1327 792 Religiosum
1344 751 1542 794 perfectionis
1560 755 1708 797 cupidum
1723 767 1785 788 non
1803 758 1917 792 debere
1935 761 2140 799 obedientiam

1249 805 1332 837 intra
1349 812 1449 838 certos
1468 808 1671 850 professionis
1689 810 1800 843 limites
1815 816 2035 859 constringere.

1195 918 1254 955 12.
1276 921 1463 957 Caeterum
1492 921 1686 972 subjectus
1718 925 1981 975 hujuscemodi
2008 932 2141 972 obedi—

1137 979 1297 1025 entiam,
1336 994 1420 1030 quae
1448 982 1529 1019 voti
1568 984 1708 1022 finibus
1738 987 1956 1036 cohibetur,
1988 996 2138 1032 noverit

956 1048 1069 1086 posse
1090 1040 1118 1075 B
1137 1037 1410 1088 imperfectam.
1442 1045 1537 1079 'Nam
1566 1045 1741 1094 perfecta
1769 1046 1984 1088 obedientia
2019 1054 2137 1104 legem

1139 1097 1280 1144 nescit,
1309 1100 1478 1138 terminis
1498 1115 1575 1139 non
1604 1113 1771 1141 arctatur
1789 1122 1796 1142 :
1818 1120 1940 1158 neque
1961 1122 2139 1152 contenta

1139 1159 1321 1208 angustiis
1341 1161 1607 1210 professionis,
1631 1164 1783 1214 largiori
1803 1168 1998 1208 voluntate
2020 1173 2139 1212 fertur

1134 1216 1173 1253 in
1197 1218 1435 1257 latitudinem
1458 1221 1668 1269 eharitatis,
1689 1232 1727 1260 et
1747 1225 1793 1261 ad
1815 1240 1928 1265 omne
1957 1233 2060 1280 quod
2080 1234 2138 1270 in-

1130 1276 1307 1328 jungitur
1328 1290 1557 1330 spontanea,
1580 1283 1711 1333 vigore
1742 1285 1907 1325 liberalis
1927 1291 2135 1343 alacrisque

1135 1339 1272 1385 animi,
1296 1341 1453 1378 modum
1488 1355 1564 1378 non
1597 1344 1864 1390 considerans,
1889 1348 1927 1384 in
1951 1350 2135 1389 infinitam

1134 1397 1351 1437 libertatem
1374 1402 1605 1439 extenditur.
1635 1406 1724 1440 Haec
1754 1414 1808 1441 est
1827 1406 1890 1443 illa
1916 1408 1962 1445 de
1992 1424 2066 1460 qua
2086 1414 2137 1450 si—

1135 1468 1297 1509 gnanter
1312 1462 1508 1511 apostolus
1528 1466 1682 1509 Petrus,
1705 1465 1973 1514 Castifi'canteS,
1991 1471 2114 1522 inquit
2127 1503 2136 1520 ,

1136 1522 1251 1555 corda
1282 1530 1410 1557 vestra
1445 1525 1481 1558 in
1513 1522 1723 1560 obedientia
1761 1526 1957 1564 charitatis
1982 1537 1990 1551 ¹
2015 1546 2023 1568 :
2049 1534 2139 1582 pul-

1136 1579 1225 1616 chre
1249 1580 1370 1630 ipsam
1390 1594 1458 1631 per
1474 1581 1547 1619 hoc
1563 1593 1804 1633 sequestrans
1824 1586 1870 1623 ab
1886 1588 1949 1625 illa
1964 1590 2076 1628 inerti
2100 1602 2137 1630 et

1136 1640 1263 1677 servili
1288 1642 1575 1691 quodammodo
1597 1644 1813 1683 obedientia
1830 1677 1839 1693 ,
1869 1662 1938 1686 nec
1964 1651 2136 1690 charitati

1135 1711 1337 1752 prompta,
1376 1704 1442 1741 sed
1476 1704 1644 1742 obnoxia
1675 1708 1898 1746 necessitati.
1928 1714 2018 1748 Haec
2043 1712 2137 1762 justi

1134 1761 1258 1807 illius,
1296 1763 1357 1800 cui
1391 1764 1451 1801 lex
1481 1765 1605 1815 posita
1631 1779 1709 1802 non
1743 1774 1835 1814 est2,
1867 1772 2021 1820 propria
2048 1782 2132 1811 est:

55 1813 210 1853 contra,
244 1808 338 1858 quid
372 1810 477 1847 aliud
509 1825 623 1861 quam
664 1812 892 1852 obedientiae
927 1816 1066 1854 limites
1084 1821 1111 1858 C
1135 1835 1213 1859 non
1236 1823 1342 1873 quod
1360 1825 1419 1862 vel
1437 1825 1500 1862 ille
1519 1826 1710 1876 perfectus
1737 1828 1866 1865 vivere
1897 1830 2031 1869 debeat
2056 1835 2135 1872 sine

53 1866 239 1915 quosdam
261 1871 495 1918 censuerim,
516 1881 554 1908 et
574 1872 631 1909 his
651 1873 728 1910 suis
750 1875 923 1913 terminis
942 1877 1065 1914 virtu-

54 1933 130 1963 tem
164 1927 337 1966 eamdem
374 1931 652 1970 circumcludi?
677 1934 937 1982 Quamobrem
959 1938 1065 1987 quis-

53 1999 128 2036 que
147 1987 343 2036 professus
364 1990 403 2027 in
423 1992 561 2041 quovis
583 2006 723 2043 genere
743 1995 948 2034 salutiferae
963 1998 1063 2045 vitae,

53 2059 123 2084 nec
145 2047 244 2086 ultra
259 2049 490 2089 obedientiae
511 2053 593 2103 lege
608 2055 623 2070 *
642 2055 839 2105 cogendus
852 2086 862 2103 ,
881 2070 951 2094 nec
969 2059 1063 2096 citra

52 2115 110 2144 est
130 2108 384 2158 inhibendus,
416 2126 531 2162 quam
553 2127 622 2151 sua
643 2115 763 2165 ipsius
784 2116 940 2154 videtur
957 2132 1065 2155 com-

53 2168 168 2218 plecti
187 2172 390 2220 professio.
411 2176 566 2222 Quanto
587 2175 715 2213 minus
737 2180 895 2214 contra?
915 2182 952 2216 Is
971 2192 1063 2229 ergo

53 2229 119 2278 qui
149 2231 299 2269 medius
332 2241 390 2270 est
417 2234 506 2271 vitae
538 2235 698 2282 modus,
730 2238 913 2286 praefixus
943 2247 1060 2285 voto,

51 2290 290 2338 professione
324 2293 496 2330 firmatus
515 2322 524 2339 ‚
561 2302 742 2344 tanquam
777 2297 922 2346 lignum
958 2300 1064 2348 quod

51 2357 132 2386 erat
159 2350 198 2387 in
231 2352 360 2390 medio
395 2354 586 2404 paradisi,
622 2348 725 2393 solus
748 2357 828 2394 sine
849 2357 968 2396 dubio
991 2360 1063 2410 legi

51 2408 122 2446 erit
139 2409 354 2460 subjectus,
384 2413 577 2452 obnoxius
591 2414 767 2465 jussioni.
791 2416 891 2468 Ergo
914 2420 1062 2469 praelati

47 2466 168 2517 jussio
187 2472 248 2508 vel
277 2473 491 2523 prohibitio
529 2488 606 2512 non
637 2486 842 2526 praetereat
877 2479 1062 2517 terminos

50 2531 310 2579 professionis.
328 2537 406 2572 Nec
419 2536 519 2572 ultra
538 2537 693 2573 extendi
709 2546 855 2588 potest,
880 2553 950 2577 nec
969 2554 1063 2578 con-

1131 1883 1214 1933 lege
1227 1913 1236 1930 ‚
1259 1883 1324 1920 sed
1345 1885 1433 1934 quia
1452 1899 1530 1922 non
1550 1886 1598 1923 sit
1615 1886 1684 1923 sub
1701 1887 1804 1937 lege3
1820 1890 1972 1928 minime
1993 1894 2134 1945 quippe

1131 1951 1334 1981 contentus
1357 1953 1447 1982 voto
1469 1959 1545 1983 suae
1566 1945 1841 1998 cujuscumque
1862 1952 2106 2000 professionis
2123 1985 2133 2002 ‚

1131 2015 1245 2052 quam
1273 2012 1427 2054 superat
1448 2005 1564 2041 animi
1585 2005 1800 2043 devotione.
1821 2011 2042 2059 Quanquam
2065 2026 2134 2050 nec

1130 2063 1227 2100 ista*
1249 2065 1395 2113 Regula
1413 2065 1495 2115 ipsa
1516 2066 1693 2111 tacuerit,
1718 2066 1782 2103 ubi
1807 2078 1958 2116 monet,
1984 2071 2013 2107 si
2029 2072 2133 2110 fratri

1129 2123 1380 2174 impossibilia
1399 2124 1671 2175 injunguntur,
1689 2143 1702 2158 «
1725 2135 1765 2163 ut
1785 2129 1980 2167 confidens
2001 2132 2047 2169 de
2064 2134 2133 2170 ad-

1131 2202 1146 2217 »
1163 2183 1312 2233 jutorio
1343 2185 1437 2231 Dei,
1463 2185 1617 2222 obediat
1645 2199 1690 2222 ex
1724 2187 1905 2226 charitate
1918 2190 1942 2227 3.
1962 2210 1974 2224 ›>
2001 2196 2043 2229 In
2065 2207 2133 2230 ea-

1132 2244 1218 2281 dem
1237 2245 1402 2295 denique
1422 2246 1567 2295 Regula
1595 2247 1727 2282 tertius
1754 2247 1974 2287 humilitatis
1992 2252 2133 2290 descri-

1130 2303 1235 2341 bitur
1254 2305 1411 2354 gradus,
1431 2323 1445 2337 <r
1464 2314 1505 2342 ut
1519 2306 1622 2342 omni
1639 2305 1854 2344 obedientia
1869 2312 2075 2350 inonachus
2095 2327 2134 2350 50

1132 2383 1147 2398 »
1164 2365 1302 2402 subdat
1322 2365 1456 2414 majori
1470 2366 1483 2393 4
1499 2369 1506 2402 1
1523 2384 1536 2398 »
1558 2366 1695 2402 Dicens
1710 2367 1852 2417 quippe
1866 2386 1879 2399 α
1894 2372 2009 2417 0111111,
2029 2387 2133 2410 »non

1128 2425 1211 2462 vult
1237 2439 1307 2462 nos
1333 2426 1372 2462 in
1396 2425 1611 2462 obediendo
1635 2439 1811 2464 mensura
1832 2442 1912 2466 esse
1933 2441 2131 2471 contentos

1128 2486 1394 2535 professionis,
1418 2499 1495 2522 non
1521 2485 1715 2523 attendere
1740 2489 1916 2536 promissi
1933 2491 2120 2539 debitum,

1130 2558 1207 2582 11011
1230 2545 1276 2582 (10
1296 2554 1408 2596 113010
1426 2559 1575 2582 sumere
1590 2545 1744 2582 modum
1762 2561 1771 2592 3
1794 2548 1858 2584 sed
1880 2551 2037 2587 transire
2053 2554 2130 2589 ala-

51 2589 148 2628 trahi
167 2591 273 2630 citra.
300 2594 360 2631 Nil
382 2608 442 2633 me
473 2597 656 2646 praelatus
687 2597 892 2648 prohibeat
922 2600 1061 2638 horum
1080 2612 1113 2646 D
1130 2605 1244 2642 criter
1262 2606 1374 2642 etiam
1397 2614 1546 2651 votum,
1570 2614 1606 2641 et
1627 2604 1782 2643 obedire
1801 2606 1838 2643 in
1855 2610 2041 2648 omnibus.
2064 2617 2129 2651 Est

50 2662 135 2699 quae
154 2654 334 2702 promisi,
367 2668 437 2693 nec
469 2657 556 2706 plus
590 2658 717 2708 exigat
745 2672 860 2709 quam
887 2662 1058 2710 promisi.

50 2712 147 2748 Vota
166 2725 250 2750 mea
269 2727 341 2751 nec
371 2724 506 2766 augeat
534 2717 615 2754 sine
636 2731 720 2756 mea
739 2720 941 2759 voluntate
955 2751 965 2768 ,
991 2735 1061 2759 nec

50 2770 198 2809 minuat
213 2773 296 2811 sine
310 2783 413 2812 certa
430 2778 666 2815 necessitate.
688 2781 899 2818 Necessitas
915 2783 1060 2833 quippe

10 2846 11 2851 ¹
50 2843 128 2868 non
149 2833 265 2871 habet
283 2835 405 2885 legem
418 2866 428 2883 ,
456 2845 494 2873 et
513 2836 563 2874 ob
583 2838 657 2876 hoc
679 2849 836 2877 excusat
861 2841 1060 2892 dispensa—

50 2890 204 2931 tionem.
221 2895 406 2933 Voluntas
427 2910 518 2934 vero
531 2926 541 2943 ,
561 2899 651 2947 quia
668 2900 746 2936 sola
763 2909 934 2938 meretur
952 2903 1059 2940 retri-

12 2962 14 2967 ·
49 2950 272 3002 bunonem,
308 2956 422 2993 etiam
449 2958 530 2994 sola
564 2971 644 2995 non
675 2959 867 2998 immerito
898 2963 1058 3011 gradum

14 3026 15 3063 j
49 3011 221 3051 altiorem
239 3025 411 3066 usurpat.
424 3017 607 3067 Alioquin
620 3027 657 3055 et
674 3018 818 3069 absque
832 3023 1055 3060 necessitate

51 3073 220 3112 remissio
234 3076 338 3122 voti,
367 3090 446 3114 non
464 3076 696 3128 dispensatio
709 3108 719 3127 ,
738 3080 804 3117 sed
824 3083 1056 3131 praevarica-

51 3131 102 3170 tio
117 3142 176 3171 est
194 3149 202 3172 :
224 3143 262 3172 et
287 3137 479 3175 restrictio
509 3147 645 3176 contra
670 3140 929 3188 voluntatem,
948 3156 1057 3180 mur-

17 3209 19 3243 ]
51 3204 136 3230 mur
147 3203 223 3242 est,
246 3209 325 3233 non
346 3197 554 3246 profectus.
572 3202 722 3236 Ponant
741 3212 832 3250 ergo
860 3202 1056 3251 praepositi

1128 2677 1218 2702 sane
1239 2665 1392 2715 quidam
1416 2665 1641 2702 obedientiae
1658 2665 1783 2712 limes,
1806 2670 2014 2707 secundum
2037 2681 2127 2710 tem—

1127 2738 1219 2775 pus,
1240 2726 1321 2776 ipsa
1351 2725 1533 2775 temporis
1560 2726 1798 2772 extremitas,
1822 2736 1862 2763 ut
1884 2729 1914 2765 is
1934 2730 1980 2766 sit
1999 2734 2128 2770 termi-

1127 2799 1200 2822 nus
1223 2784 1450 2822 obedientiae
1464 2814 1473 2831 ,
1495 2786 1559 2834 qui
1579 2794 1615 2821 et
1634 2785 1728 2821 vitae.
1751 2789 1862 2823 Hunc
1881 2788 1989 2826 nobis
2005 2792 2128 2829 maxi—

1127 2858 1187 2882 me
1207 2845 1402 2894 Unigeniti
1429 2845 1498 2882 Dei
1529 2844 1770 2881 commendat
1802 2849 2040 2898 exemplum,
2063 2854 2128 2902 qui

1127 2905 1245 2941 factus
1262 2913 1318 2941 est
1332 2905 1432 2941 Patri
1450 2904 1630 2941 obediens
1647 2918 1767 2954 usque
1783 2906 1828 2942 ad
1847 2917 2020 2946 mortem.
2040 2914 2129 2949 Haec

1126 2978 1216 3014 ergo
1245 2965 1398 3014 quoties
1429 2965 1734 3015 interrumpitur,
1756 2965 2012 3006 inobedientia
2037 2971 2129 3008 diei-

1123 3035 1197 3071 tur,
1220 3034 1257 3061 et
1278 3034 1474 3075 peccatum
1487 3054 1496 3072 ,
1530 3033 1567 3062 et
1598 3027 1842 3076 transgressio
1863 3041 1928 3065 seu
1948 3032 2128 3080 praevari-

1122 3093 1232 3122 catio.

100 3335 108 3352 ¹
127 3331 142 3359 I
160 3334 241 3364 Petr.
260 3342 292 3370 1,
312 3334 368 3362 22.
386 3351 428 3355 —
444 3338 457 3354 ²
474 3336 488 3364 I
503 3333 586 3366 Tim.
609 3347 638 3373 1,
661 3339 692 3367 9.
712 3354 752 3358 —
774 3334 786 3357 3
805 3338 882 3377 Reg.
901 3338 932 3368 S.
949 3337 1124 3377 Benedicti,
1150 3349 1218 3381 cap.
1243 3341 1299 3369 68,
1315 3358 1359 3361 -
1376 3338 1573 3382 41bid.cap.
1592 3342 1621 3369 7.
