2565 3952
58 189 129 226 133

53 267 184 304 dentes
197 264 319 301 furem
329 260 542 299 currebatis
552 273 639 297 cum
652 272 698 296 co
711 261 718 296 1
729 259 848 296 Silere
861 257 907 297 de
919 268 1074 297 mortuo
1093 260 1107 278 ²

974 182 1239 218 EPISTOLAE.

2088 190 2097 225 1
2111 190 2131 226 3
2137 189 2158 226 4

1199 260 1235 296 8.
1271 258 1478 308 Quomodo
1516 273 1608 310 ergo
1642 259 1701 297 vel
1746 260 1893 299 abbatis
1922 263 2072 313 jussio,
2102 270 2161 305 vel

53 335 279 365 statueram:
296 323 361 361 5011
381 323 604 373 compulsus
623 334 726 367 sum,
747 321 880 367 fateor,
899 321 1074 371 aliquan·
1092 323 1121 357 A
1142 322 1255 369 Papae
1282 318 1487 370 permissio
1517 319 1663 356 licitum
1703 320 1828 358 facere
1865 323 2009 369 valuit,
2056 328 2162 376 quod

53 389 172 425 tulum
195 383 469 436 praetergredi,
493 382 585 419 dum
609 394 688 417 non
710 381 837 431 potuit
857 380 1072 431 improbari

52 447 240 493 obeditio,
259 446 289 483 si
307 459 383 482 nou
404 442 571 494 reproba
588 450 870 479 monstraretur
884 450 921 478 et
933 441 1070 491 jussio.

51 513 171 547 Porro
188 505 310 556 jussio
328 514 365 542 et
388 505 486 541 actio
510 503 676 540 hominis
697 516 782 539 cum
820 502 969 539 diversa
992 515 1072 539 11011

53 565 452 616 fuerint,impossibile
461 565 584 601 visum
597 572 654 601 est
665 577 779 600 unam
790 563 871 600 sine
883 564 1003 600 altera
1011 564 1073 600 vel

51 626 272 679 approbari,
284 626 345 662 vel
358 624 500 674 respui.
512 623 650 673 Liquet
663 631 790 659 tamen
803 621 1073 672 hujuscemodi

47 687 212 740 jussioni
222 700 301 724 non
315 685 429 722 fuisse
447 683 812 734 obtemperandum,
830 687 912 720 Deo
928 684 1072 734 quippe

50 751 264 801 imperante
291 746 496 785 contraria.
519 749 616 783 Item
643 744 836 795 majorum
862 745 1069 792 institutis,

58 813 249 850 minorum
261 822 340 846 non
349 822 430 846 esse
440 820 651 858 praeponen
658 807 717 853 da,
727 815 792 843 aut
801 806 1074 844 communibus

51 873 200 924 privata
223 884 302 908 non
325 868 580 921 praejudicare
605 868 767 919 imperia
792 869 877 919 quis
899 867 1073 905 dubitat?

51 939 144 974 Nam
164 947 212 971 ex
227 933 375 983 Regula
396 931 516 968 sancti
536 930 734 968 Benedicti
750 937 759 951 ¹
778 930 854 967 hoc
871 930 1070 968 habemus.

105 995 140 1032 7.
158 998 314 1032 Possem
335 992 492 1043 quidem
512 991 691 1029 abbatem
713 991 1005 1029 Cisterciensem
1023 991 1071 1029 ad

1140 393 1283 430 purum
1320 379 1452 430 (sicut
1494 379 1787 418 irrefutabiliter
1826 382 2034 432 probatum
2079 389 2161 439 est)

1141 441 1284 478 malum
1307 441 1378 477 fuit
1399 455 1407 477 :
1430 454 1518 477 cum
1544 442 1722 492 superius
1750 443 2000 483 nihilominus
2020 448 2162 498 allega-

1142 509 1222 538 tum
1244 501 1311 548 sit,
1333 514 1377 538 ea
1397 515 1483 551 quae
1504 500 1774 551 hujuscemodi
1795 513 1902 550 sunt,
1924 505 1963 542 id
1990 516 2047 543 est
2065 522 2163 558 pura

1141 562 1260 608 mala,
1284 570 1326 598 ut
1353 575 1553 612 nunquam
1576 562 1678 612 juste
1703 563 1855 613 juberi,
1886 566 1938 603 sic
1967 580 2037 604 nec
2063 569 2164 608 licite

1139 637 1252 674 posse
1290 623 1398 660 lieri?
1435 624 1544 662 Vides
1578 639 1694 675 quam
1730 626 1854 663 inanis
1886 631 2083 667 excusatio
2117 632 2163 670 de

1139 684 1309 721 humana
1336 683 1582 731 obedientia,
1604 685 1671 722 ubi
1697 686 1738 723 in
1768 690 1892 724 Deum
1919 691 2165 730 convincitur

1140 745 1236 783 facta
1273 746 1551 795 transgressio?
1580 750 1658 785 Nec
1689 747 1904 786 timendum
1937 751 2030 788 mihi
2057 753 2163 791 arbi-

1140 815 1235 854 tror,
1261 806 1368 856 quod
1392 806 1440 843 ad
1463 807 1558 844 illud
1584 809 1743 846 Domini
1770 823 1998 861 responsum
2023 813 2069 850 (le
2090 814 2163 852 sibi

1139 868 1319 905 nuntiato
1356 868 1537 905 scandalo
1573 869 1853 908 Pharisaeorum
1888 873 2085 923 refugias,
2121 885 2165 913 ut

1140 928 1340 979 quomodo
1374 929 1438 966 ille
1472 929 1581 966 nihili
1616 930 1811 981 pendebat
1845 932 2005 980 dicens,
2045 937 2165 973 Sim'te

1140 993 1244 1036 illos,
1278 995 1374 1026 coeci
1410 999 1527 1037 sunt,
1558 1000 1595 1028 et
1626 994 1739 1028 daces
1773 993 2012 1041 coecorum‘33
2041 996 2092 1034 113
2125 1006 2164 1034 et

50 1055 221 1093 medium
252 1053 444 1091 deducere
462 1082 472 1099 ‚
505 1053 572 1104 qui
600 1053 735 1103 utique
765 1053 945 1104 superior
974 1053 1041 1090 illo
1059 1083 1069 1100 ,
1090 1055 1118 1090 B
1140 1059 1271 1088 nostra
1301 1050 1410 1088 vobis
1437 1052 1617 1089 scandala
1637 1067 1715 1090 non
1744 1067 1825 1091 esse
1849 1055 2017 1093 timenda
2036 1057 2165 1095 existi—

49 1126 238 1169 quantum
264 1125 375 1167 pater
404 1116 506 1162 filio,
528 1123 717 1166 quantum
746 1116 925 1166 magister
953 1115 1071 1153 111501-

48 1179 167 1230 pulo,
194 1186 382 1228 quantum
409 1176 576 1226 denique
607 1175 726 1212 abbas
757 1176 962 1213 commisso
999 1176 1071 1213 sibi

49 1239 261 1285 monacho,
297 1238 435 1274 merito
473 1250 512 1274 se
547 1250 569 1273 a
601 1235 713 1273 vobis
743 1245 906 1287 propter
943 1237 1070 1287 ipsum

49 1299 226 1351 queritur
245 1298 359 1336 fuisse
381 1305 662 1347 contemptum.
687 1300 843 1334 Possem
862 1306 899 1333 et
921 1297 1071 1347 episco-

49 1373 163 1411 pum,
180 1357 290 1408 cujus
306 1357 559 1394 nihilominus
576 1357 667 1406 quia
683 1370 762 1393 non
781 1357 853 1394 fuit
874 1366 1074 1407 exspecta-

50 1430 110 1458 tus
129 1433 341 1458 consensus
355 1448 364 1465 ‚
384 1417 656 1456 inexcusabilis
675 1426 732 1455 est
752 1427 789 1455 ct
807 1427 1071 1469 contemptus,

49 1496 136 1520 cum
163 1482 211 1520 ad
231 1481 336 1532 ipsos
363 1490 402 1518 et
429 1480 477 1518 de
506 1480 598 1531 ipsis
627 1480 818 1518 Dominus
842 1480 970 1518 dicat:
997 1483 1075 1528 Qus·

48 1559 116 1581 vos
131 1548 278 1593 spernit
291 1573 302 1589 ,
327 1556 386 1579 me
405 1547 590 1591 sperum.
612 1540 687 1578 Sed
703 1541 887 1591 quoniam
905 1541 964 1578 his
985 1555 1073 1592 pos-

49 1613 106 1642 set
121 1603 312 1642 ambobus
329 1603 478 1655 opponi
493 1611 532 1640 et
547 1603 731 1653 anteponi
750 1603 917 1640 Romani
934 1603 1072 1640 Ponti-

49 1667 129 1704 ficis
156 1674 338 1716 tanquam
363 1665 518 1716 gravior
538 1665 771 1712 auctoritas;
797 1664 907 1714 cujus
925 1665 1071 1716 quippe

48 1740 117 1764 vos
143 1727 250 1764 aiunt
282 1726 537 1777 praemunitos
566 1725 681 1762 fuisse
710 1725 866 1762 licentia
892 1724 905 1776 (
926 1738 1012 1775 quae
1033 1733 1072 1762 et

48 1787 130 1838 ipsa
144 1787 296 1825 licentia
309 1801 380 1825 suo
394 1786 551 1837 quidem
565 1786 652 1823 1000
671 1786 745 1823 erit
761 1785 1000 1823 discutienda
1014 1784 1068 1837 3);

49 1849 132 1887 talis
159 1849 289 1900 potius
312 1849 554 1900 proferatur,
579 1846 689 1897 cujus
716 1848 877 1885 omnino
908 1848 962 1885 fas
991 1861 1068 1885 non
1092 1844 1119 1880 C

47 1910 95 1948 sit
119 1911 342 1948 auctoritati
370 1910 649 1947 contradicere.
672 1913 783 1948 Certe
809 1923 983 1947 summus
1006 1910 1072 1948 ille

47 1971 243 2018 Pontifex,
262 1971 328 2021 qui
348 1984 419 2021 per
439 1970 665 2020 sanguinem
681 1970 889 2022 proprium
910 1971 1014 2008 solus
1034 1979 1072 2008 et

48 2032 165 2070 semel
189 2032 364 2069 introivit
383 2032 422 2068 in
446 2034 583 2069 Sancta
598 2061 607 2079 ,
631 2040 775 2068 aeterna
802 2031 1071 2083 redemptione

1 2117 8 2120 -
48 2092 244 2139 inventa&
270 2093 437 2130 terrifica
457 2106 552 2130 voce
572 2093 777 2130 denuntiat
791 2094 829 2130 in
844 2094 1069 2143 Evangelio,

48 2167 97 2191 ne
120 2154 206 2205 quis
227 2167 347 2191 unum
370 2153 417 2190 de
440 2154 591 2205 pusillis
614 2153 697 2203 ejus
717 2153 856 2191 audeat
882 2156 1072 2193 scandali-

49 2227 134 2251 zare
144 2214 170 2252 ⁵.
195 2213 316 2252 Vobis
336 2222 465 2251 autem
486 2214 599 2252 unius
625 2213 795 2251 donetur
821 2215 1044 2252 scandalum
1061 2245 1070 2262 ,

48 2275 79 2313 si
102 2289 181 2312 non
200 2275 302 2313 ultra
323 2276 514 2327 processit
539 2276 697 2312 malum.
722 2276 857 2313 Facilis
888 2285 1072 2326 sequatur

47 2337 159 2374 venia
177 2337 354 2388 culpam,
375 2351 423 2374 ex
446 2350 522 2388 qua
542 2350 658 2387 grave
681 2336 866 2374 damnum
887 2351 966 2374 non
989 2338 1071 2375 ori-

48 2406 123 2436 tur.
143 2402 255 2437 Nunc
272 2411 366 2436 vero
381 2398 487 2448 quod
505 2397 668 2435 dubium
691 2411 770 2434 non
793 2406 851 2435 est
864 2427 873 2445 ,
892 2398 1070 2449 pluribus

48 2459 307 2497 scandalizatis
320 2489 330 2507 ,
348 2459 434 2510 quis
460 2467 592 2510 aperte
612 2472 690 2496 non
718 2458 848 2496 videat
872 2473 989 2509 quam
1007 2460 1070 2496 in-

47 2519 213 2558 humane
228 2521 437 2558 humanam
453 2519 670 2571 jussionem
691 2520 831 2558 divinae
853 2522 1071 2571 praetuleri-

50 2581 120 2619 tis?
132 2582 245 2631 Quod
261 2581 419 2632 quidem
436 2581 592 2629 audere,
609 2582 694 2633 quis
709 2582 781 2619 nisi
796 2596 927 2620 amens
943 2583 1070 2620 dicere

1139 1125 1232 1150 mes,
1258 1112 1374 1150 Vides
1404 1126 1544 1164 nempe
1573 1127 1689 1164 quam
1720 1115 1772 1152 nil
1805 1116 1928 1154 simile
1954 1117 2093 1156 habeat
2121 1121 2161 1157 in

1139 1173 1210 1210 1130
1239 1182 1349 1224 parte
1375 1176 1593 1225 proportio.
1617 1179 1712 1214 Nam
1745 1177 1775 1214 si
1802 1191 2004 1229 compares
2027 1193 2165 1230 perso-

1139 1248 1224 1280 nas,
1245 1236 1322 1272 illic
1340 1235 1520 1272 Pharisaei
1541 1236 1716 1287 superbi,
1735 1238 1796 1274 liic
1813 1252 2004 1290 pauperes
2025 1242 2163 1280 Christi

1139 1296 1448 1333 scandalizantur
1471 1311 1478 1333 :
1501 1298 1530 1334 si
1549 1311 1704 1343 causas,
1728 1298 1789 1335 1110
1809 1300 1966 1346 levitas,
1989 1301 2041 1338 ibi
2066 1303 2165 1339 veri-

1142 1364 1198 1394 tas
1220 1358 1259 1393 in
1285 1371 1398 1394 causa
1424 1371 1505 1395 esse
1529 1359 1779 1408 dignoscitur.
1800 1364 1947 1398 Rursus
1967 1391 1975 1408 ,
1999 1363 2104 1412 quod
2125 1373 2163 1400 et

1141 1418 1320 1467 superius
1339 1419 1584 1469 propositum
1603 1428 1672 1464 est,
1689 1433 1758 1457 vos
1780 1434 1857 1458 non
1877 1423 2001 1459 solum
2022 1423 2163 1461 (livinis

1140 1477 1330 1526 humana,
1350 1479 1417 1517 sed
1433 1488 1470 1517 et
1486 1481 1759 1519 communibus
1775 1482 1926 1533 privata
1948 1486 2164 1534 praetulisse

1139 1539 1302 1590 imperia
1318 1569 1327 1586 ,
1352 1540 1425 1578 hoc
1448 1541 1574 1578 solum
1602 1542 1649 1579 ad
1672 1542 1942 1594 probationem
1971 1547 2162 1594 sufficiat,

1140 1601 1247 1651 quod
1268 1610 1406 1639 vestrae
1420 1602 1475 1639 illi
1491 1611 1530 1640 et
1546 1604 1708 1641 novitati
1726 1605 1909 1653 insolitae,
1926 1616 1963 1644 et
1982 1608 2164 1646 insolenti

1138 1663 1458 1715 praesumptioni,
1481 1678 1561 1702 non
1587 1673 1735 1703 tantum
1761 1668 1883 1704 nostri
1899 1668 2054 1706 Ordinis
2076 1671 2163 1707 uni—

1139 1724 1319 1771 versitas,
1344 1724 1410 1762 sed
1439 1725 1553 1762 etiam
1576 1726 1751 1764 omnium
1780 1730 2105 1767 monasteriorum
2126 1740 2164 1768 et

1139 1785 1381 1823 consuetudo
1397 1815 1406 1833 ,
1429 1795 1467 1823 et
1492 1787 1685 1824 institutio
1707 1788 1918 1827 reclamare
1938 1790 2104 1828 videtur.

1195 1848 1230 1885 9.
1250 1847 1364 1896 Quod
1385 1857 1422 1885 et
1444 1862 1511 1886 vos
1533 1863 1690 1899 quoque
1711 1863 1790 1887 non
1810 1851 2004 1889 immerito
2024 1853 2163 1891 timen-

1141 1916 1196 1945 tes
1212 1937 1222 1955 ,
1243 1922 1314 1946 nec
1331 1910 1421 1947 satis
1439 1910 1486 1947 de
1507 1911 1668 1961 propria
1688 1925 1801 1949 031153
1819 1913 2057 1952 confidentes
2070 1944 2079 1962 ,
2102 1929 2164 1952 re-

1141 1983 1287 2007 morsas
1314 1984 1357 2007 ac
1384 1971 1651 2009 remordentes
1675 1973 1929 2011 conscientias
1953 1975 2164 2025 apostolica

1138 2030 1267 2067 conati
1294 2030 1383 2068 estis
1413 2031 1575 2068 delinire
1607 2032 1771 2070 licentia.
1807 2036 1838 2071 O
1866 2034 2048 2072 frivolum
2075 2037 2165 2073 satis

1139 2090 1352 2128 remedium
1386 2094 1394 2128 Ι
1432 2091 1538 2142 quod
1572 2106 1652 2130 non
1685 2102 1743 2131 est
1777 2094 1904 2141 aliud,
1942 2096 2014 2133 nisi
2055 2110 2164 2135 more

1139 2153 1475 2203 Protoplastorum
1506 2155 1724 2193 cauteriatis
1756 2157 2001 2195 conscientiis
2034 2167 2164 2197 texere

1140 2214 1376 2264 perizomata
1395 2243 1404 2261 ,
1428 2215 1608 2253 videlicet
1629 2216 1677 2253 ad
1701 2217 1961 2255 velamentum
1980 2247 1989 2265 ,
2014 2233 2091 2256 non
2116 2220 2165 2257 ad

1139 2276 1480 2314 medicamentum.
1502 2279 1766 2329 Apostolicam
1780 2308 1789 2326 ,
1812 2280 2020 2330 inquiunt,
2046 2282 2164 2319 licen-

1141 2335 1231 2373 tiam
1261 2338 1535 2386 quaesiw'mus,
1559 2338 1864 2389 impetravimus.
1894 2342 2052 2379 L‘tinam
2082 2356 2164 2380 non

1138 2397 1332 2435 licentiam
1366 2399 1620 2449 quaesissetis,
1650 2400 1717 2437 sed
1752 2402 1980 2450 consilium3
2012 2403 2051 2440 id
2085 2413 2163 2451 est,

1138 2471 1217 2495 non
1250 2468 1292 2496 ut
1323 2460 1485 2508 liceret,
1519 2461 1586 2498 sed
1619 2475 1667 2498 an
1704 2462 1847 2500 liceret.
1885 2464 1999 2502 Unde
2031 2473 2160 2502 tamen

1138 2520 1367 2570 quaerebatis
1403 2522 1596 2559 licentiam
1615 2523 1629 2559 Ρ
1667 2526 1720 2561 Ut
1761 2523 1895 2561 liceret
1934 2525 2039 2575 quod
2080 2540 2161 2564 non

1138 2581 1309 2620 licebat?
1346 2587 1487 2621 Facere
1530 2584 1661 2635 itaque
1701 2583 1891 2622 volebatis
1930 2585 2036 2635 quod
2080 2600 2161 2624 non

49 2642 186 2680 audeat
214 2642 364 2681 bonum
399 2656 480 2681 esse
516 2652 583 2680 aut
615 2643 763 2681 bonum
804 2644 887 2680 fieri
926 2658 1041 2695 posse
1058 2674 1068 2691 ,
1088 2645 1121 2679 D
1136 2643 1287 2681 licebat.
1309 2644 1381 2682 Sed
1402 2645 1508 2695 quod
1531 2659 1610 2682 non
1631 2645 1769 2682 licebat
1787 2646 1930 2683 malum
1951 2656 2045 2685 erat.
2061 2649 2162 2686 Mala

51 2703 300 2754 quantaelibet
338 2705 534 2755 dignitatis
576 2705 734 2742 homine
776 2705 1028 2756 praecipiente
1056 2707 1070 2742 Ρ

50 2764 161 2814 Quod
192 2774 320 2803 autem
353 2779 425 2803 nec
457 2765 608 2803 bonum
638 2775 719 2813 est,
752 2780 822 2803 nec
851 2766 950 2804 bene
986 2767 1070 2804 fieri

49 2833 194 2875 potest,
215 2840 356 2877 purum
384 2827 522 2877 procul
549 2826 668 2865 dubio
694 2828 839 2865 malum
863 2837 931 2865 est.
955 2829 1068 2867 Unde

50 2897 330 2938 consequenter
349 2888 580 2936 advertitur,
607 2889 713 2939 quod
738 2890 811 2926 iter
830 2898 1003 2927 vestrum
1028 2890 1069 2927 in

50 2947 259 2986 multorum
279 2958 509 3000 usurpatum
531 2950 755 2987 scandalum
767 2981 776 2997 ,
793 2964 835 2988 ac
852 2965 923 3002 per
938 2952 1012 2989 hoc
1031 2960 1070 2989 et

51 3016 183 3047 contra
196 3010 269 3048 Dei
293 3010 539 3059 mandatum;
562 3025 642 3048 non
664 3025 807 3062 purum
832 3011 979 3050 honum
1004 3021 1070 3050 aut

52 3069 245 3117 medium,
275 3071 343 3108 sed
370 3085 514 3122 purum
547 3073 709 3109 omnino
744 3073 858 3110 fuerit
892 3073 1066 3110 malum:

51 3131 232 3179 quoniam
248 3132 405 3182 quidem
431 3142 469 3171 01
487 3147 630 3184 purum
659 3133 807 3171 bonum
829 3147 981 3185 semper
996 3133 1070 3172 bo-

52 3201 144 3229 num
160 3201 240 3241 est,
258 3201 297 3230 et
315 3194 484 3233 medium
502 3194 603 3233 bene
624 3195 707 3233 fieri
729 3203 869 3247 potest.

1138 2704 1256 2754 igitur
1281 2714 1363 2743 erat
1389 2706 1575 2753 intentio,
1608 2720 1693 2756 quae
1720 2707 1759 2743 in
1790 2708 1934 2744 malum
1965 2708 2160 2747 tendebat.

1136 2767 1215 2803 'Nisi
1237 2767 1336 2804 sorte
1365 2769 1438 2805 tale
1459 2768 1531 2805 hoc
1555 2768 1669 2806 fuisse
1691 2768 1855 2814 dicatur,
1881 2769 1987 2819 quod
2016 2769 2161 2820 absque

1137 2829 1291 2866 licentia
1322 2830 1478 2880 quidem
1510 2844 1588 2867 non
1623 2830 1781 2874 liceret,
1813 2831 1946 2867 liceret
1972 2840 2100 2868 autem
2132 2832 2162 2870 si

1139 2903 1226 2927 cum
1263 2891 1417 2928 licentia
1452 2891 1572 2928 fieret.
1608 2895 1749 2929 Verum
1789 2891 1829 2928 id
1868 2891 1948 2941 jam
1983 2893 2161 2943 superius

1138 2951 1354 2989 invincibili
1375 2953 1574 2990 exclusum
1592 2961 1649 2990 est
1669 2953 1831 2990 ratione.
1848 2957 1924 2991 Nec
1941 2954 2042 2990 enim
2059 2958 2162 2991 Deus

1137 3011 1204 3049 ubi
1225 3009 1297 3059 ait,
1323 3014 1448 3049 Nolite
1470 3023 1707 3050 contemnere
1728 3028 1841 3049 unum
1869 3028 1917 3049 (3ae
1942 3019 1989 3049 cis
2006 3018 2162 3063 pusillis

1137 3077 1202 3122 qui
1229 3078 1268 3109 ίη
1301 3088 1360 3110 me
1396 3076 1584 3119 credunt,-
1611 3074 1758 3111 addidit
1793 3074 1933 3120 etiam,
1962 3075 2039 3112 Nisi
2073 3088 2158 3111 cum

1137 3135 1290 3172 licentia
1313 3150 1320 3172 ε
1344 3144 1410 3172 3111
1433 3135 1586 3183 dicens,
1610 3137 1687 3183 Qui
1707 3138 2021 3173 scamlalizaverlt
2045 3151 2158 3173 memn

1137 3197 1184 3231 cle
1199 3198 1354 3245 pusillis
1370 3201 1465 3233 meis
1482 3203 1510 3244 7,
1535 3205 1573 3234 et
1595 3204 1750 3243 caetera3
1775 3196 2046 3234 determinavit
2066 3196 2158 3233 sub-

101 3330 110 3346 ¹
126 3327 203 3370 Cap-
227 3340 319 3361 Lxxt.
336 3349 383 3353 ——
405 3336 418 3352 ²
442 3334 519 3363 Luc.
540 3343 580 3368 x.
604 3335 655 3364 16.
675 3351 722 3355 —--
744 3329 758 3354 3
777 3331 878 3371 Infra,
899 3343 932 3364 n.
953 3336 984 3365 9.
1000 3351 1046 3355 -
1065 3332 1191 3367 mehr.
1222 3345 1275 3371 xx,
1307 3336 1360 3364 12.
1378 3353 1421 3357 —
1436 3331 1449 3355 5
1465 3332 1581 3365 Matth.
1610 3343 1719 3369 xvxix,
1747 3337 1778 3363 o.
1797 3351 1840 3354 μ
1859 3330 1929 3361 ί1111.
1960 3342 2022 3367 xv,
2052 3332 2102 3361 14.
2119 3349 2158 3354 —-

53 3383 66 3409 7
87 3378 136 3411 ld.
157 3392 266 3420 xvnt,
285 3386 340 3423 10,
363 3388 395 3416 6.
