2565 3952
2142 198 2159 207 κ

87 204 135 240 159
840 202 1100 237 PRAEFATIO
1140 203 1433 238 GENERALIS.
2146 205 2190 239 ,11

142 297 330 337 Lxxvl.
368 296 419 336 Et
451 294 628 349 quidem
662 306 748 335 non
783 293 888 335 alios
939 294 1070 334 fnisse
1107 293 1340 347 aliquando
1370 293 1477 334 mihi
1512 292 1595 334 fuit
1628 305 1880 346 persuasum
1904 307 1912 332 :
1945 297 1986 333 at
2023 299 2189 347 reperta

83 375 283 416 Evervini
312 373 477 415 abbatis
504 372 821 415 Steinfeldensis
857 372 1033 426 epistola
1051 405 1060 422 ,
1087 385 1182 426 quae
1212 372 1429 426 praedictis
1459 371 1726 413 sermonibus
1754 371 2015 412 occasionem
2048 370 2185 420 dedit,

80 453 285 494 mutanda
304 458 367 495 est
384 454 605 494 sententia.
622 452 893 493 Colonienses
908 453 1070 506 quippe
1092 452 1269 493 fuerunt
1285 454 1355 494 isti
1376 453 1579 501 haeretici,
1594 453 1638 492 in
1657 451 1877 492 nonnullis
1892 450 2068 504 quidem
2088 464 2188 491 ccu-

81 533 307 573 sentientes
326 544 423 573 cum
442 531 724 583 Henricianis,
742 530 815 571 sed
843 529 896 571 ab
915 530 980 571 his
999 532 1043 571 in
1062 531 1209 572 multis
1228 531 1532 586 discrepantes.
1556 531 1826 573 Colonienses
1847 530 1890 570 in
1912 528 2017 569 duas
2038 529 2191 570 classes

79 611 305 664 distinguit
322 611 574 651 Evervinus.
600 611 683 651 [ni
703 609 925 662 dicebant,
947 609 1177 651 Ecclesiam
1195 610 1312 664 apud
1329 623 1371 651 se
1394 615 1563 652 tantum
1589 621 1695 661 esse,
1710 609 1833 662 quasi
1850 608 1932 661 ipsi
1953 607 2031 648 soli
2054 608 2185 648 vesti-

80 692 160 746 giis
189 691 350 733 Christi
370 691 640 732 inhaererent.
666 693 716 732 Ι11
745 690 852 732 cibis
879 690 1080 732 vetabant
1106 690 1226 732 lactis
1250 702 1401 743 usum,
1422 694 1463 731 et
1488 687 1705 744 quidquid
1735 687 1834 728 inde
1864 686 2104 728 conficitur.
2141 689 2189 727 111

80 772 352 813 sacramentis
372 772 460 812 suis
478 770 572 812 velo
596 783 638 812 se
658 770 882 825 tegebant,
904 775 945 812 ct
969 769 1163 824 quotidie
1188 769 1332 810 cibum
1356 773 1398 810 et
1420 773 1569 823 potum
1588 780 1714 808 suum
1732 768 1776 807 iu
1791 766 1949 808 Christi
1973 778 2129 820 corpus
2150 771 2190 807 et

80 851 330 904 sanguinem
357 863 401 891 se
432 863 679 891 consecrare
708 849 952 891 asserebant
970 864 978 890 ε
999 854 1172 890 caeteros
1198 850 1243 890 in
1264 849 1538 889 sacramentis
1572 846 1724 902 procul
1757 859 1780 887 a
1812 847 1989 887 veritate
2027 845 2185 886 abesse.

79 932 239 971 Praetcr
256 929 519 984 baptismum
538 943 675 985 aquae,
698 930 830 971 alium
847 929 1129 970 admittebant
1143 929 1189 970 in
1208 930 1306 983 igne
1326 933 1366 970 et
1386 929 1542 983 spiritu
1561 941 1637 983 per
1663 927 1794 968 solam
1821 939 2026 967 manuum
2045 927 2185 980 impo-

79 1010 289 1050 sitionem.
311 1010 578 1063 Baptismum
594 1022 697 1051 vero
716 1014 913 1051 nostrum
933 1022 1031 1050 cum
1047 1009 1211 1062 nuptiis
1230 1007 1503 1063 respuebant.
1525 1007 1723 1061 Denique
1741 1005 1933 1058 aiebant,
1954 1005 2189 1060 quemlibet

80 1101 102 1129 6
128 1090 217 1130 51115
243 1088 425 1130 electum
453 1101 528 1130 seu
551 1088 816 1144 baptizatum
837 1088 994 1130 habere
1013 1092 1267 1143 potestatem
1294 1087 1426 1139 alios,
1453 1087 1530 1141 qui
1550 1085 1670 1140 digni
1693 1085 1894 1135 fuissent,
1913 1084 2188 1139 baptizandia

80 1173 121 1210 et
142 1169 186 1210 in
204 1182 350 1210 mensa
369 1182 445 1211 sua
459 1183 615 1224 corpus
637 1170 795 1212 Christi
816 1175 856 1211 ct
874 1171 1125 1225 sanguinem
1144 1167 1412 1210 conficiendi.

140 1249 349 1290 LXXVII.
372 1248 458 1289 Alii
485 1261 588 1290 vero
629 1248 921 1289 sacerdotibus
960 1248 1178 1299 Ecclesiae,
1201 1251 1350 1301 utpote
1374 1245 1567 1286 saeculari
1598 1257 1716 1285 more
1746 1244 2017 1293 xix-entibus,
2037 1256 2187 1284 conse-

79 1326 228 1368 crandi
244 1332 496 1381 potestatem
509 1326 833 1381 abjudicabant,
850 1327 1017 1381 aliaque
1037 1330 1304 1369 Sacramenta
1322 1323 1591 1375 confercndi,
1610 1328 1784 1376 excepto
1805 1323 2038 1375 Baptismo,
2061 1335 2190 1376 quem

77 1405 178 1446 solis
198 1405 369 1458 adultis,
392 1419 479 1447 non
498 1406 692 1460 parvulis
712 1405 1004 1447 conferebant.
1029 1407 1165 1449 Omne
1185 1403 1459 1458 conjugium,
1483 1406 1639 1456 praeter
1656 1401 1790 1452 illud,
1817 1400 1935 1454 quod
1961 1401 2072 1441 inter
2098 1403 2188 1441 rir-

79 1485 196 1538 gines
215 1485 453 1526 masculum
477 1490 518 1526 et
546 1485 750 1526 feminam
775 1485 1058 1537 contrahitur,
1080 1484 1408 1525 fornicationem
1437 1481 1709 1536 reputabant.
1736 1483 1959 1522 Postremo
1983 1481 2190 1535 suffragia

79 1568 343 1616 sanctorum,
358 1563 540 1619 jejunia,
561 1569 819 1620 caeterasque
839 1566 1031 1619 corporis
1050 1564 1354 1606 macerationes
1382 1561 1664 1616 respuebant,
1695 1561 1761 1602 uti
1789 1565 1830 1601 et
1864 1561 2163 1614 purgatorium
2179 1594 2189 1611 ,

81 1647 122 1684 et
142 1644 349 1698 suffragia
367 1658 448 1699 pro
472 1646 671 1687 mortuis.

137 1724 372 1765 LXXVIII.
393 1725 545 1779 Itaque
564 1724 833 1766 Henricianis
853 1729 893 1765 et
916 1721 1243 1766 Coloniensibus
1264 1720 1475 1762 haereticis
1493 1718 1732 1760 communis
1752 1718 1835 1758 fuit
1857 1718 2021 1771 genius,
2043 1717 2191 1759 odium

80 1803 131 1848 in
158 1802 353 1843 Ecclesia}
379 1804 614 1854 ministros,
635 1805 916 1855 Sacramenta,
939 1803 1207 1857 Baptismum
1227 1799 1524 1855 parvulorum,
1543 1802 1585 1839 et
1604 1797 1777 1852 nuptias
1801 1811 1809 1837 :
1830 1809 1965 1850 pauca
1997 1797 2189 1850 peculia-

78 1882 166 1935 ria,
194 1895 292 1937 quae
308 1895 396 1924 non
426 1887 549 1924 sectae
583 1896 733 1938 genus,
754 1882 827 1924 sed
859 1883 1091 1938 quamdam
1122 1886 1294 1923 tantum
1330 1880 1519 1933 capitum
1543 1876 1835 1919 diversitatem
1871 1881 2072 1929 arguunt.
2096 1878 2193 1918 [no

80 1961 227 2013 verbo,
247 1961 407 2003 diversi
427 1962 604 2004 fuerunt
626 1963 760 2015 rami,
780 1962 853 2003 sed
875 1975 925 2003 ex
955 1961 1103 2003 eadem
1122 1960 1263 2002 radice
1282 1959 1557 2014 prodeuntes.
1581 1959 1666 1999 Nec
1684 1956 1893 2008 dubitem,
1921 1956 2191 1998 Colonienses

82 2040 177 2081 illos
196 2040 416 2082 haereticos
430 2053 480 2082 ex
499 2041 746 2082 Tanchelmi
763 2040 936 2082 officina
953 2038 1178 2094 prodiisse.
1199 2040 1242 2080 Is
1274 2038 1409 2078 laicus
1445 2038 1491 2077 in
1516 2035 1716 2078 Flandria
1734 2068 1744 2088 ,
1779 2039 1886 2076 teste
1919 2035 2158 2076 Abaelardo
2178 2068 2189 2088 ,

9 2113 16 2116 ’
81 2119 265 2159 maxime
281 2118 397 2172 apud
409 2120 712 2173 Antwerpiam,
734 2132 899 2160 errores
917 2132 1016 2160 suos
1037 2117 1318 2159 disseminans
1338 2149 1347 2169 ,
1375 2117 1420 2157 in
1436 2120 1598 2157 tantam
1621 2128 1664 2156 56
1683 2116 1818 2156 erexit
1837 2114 2094 2155 dementiam
2111 2147 2120 2165 ,
2137 2119 2186 2156 ut

87 2211 130 2240 se
149 2199 228 2239 Dei
252 2198 409 2240 Filium
438 2199 640 2251 vocitari,
663 2203 704 2240 et
728 2212 752 2239 a
775 2198 949 2240 seducto
970 2198 1147 2252 populo,
1170 2201 1218 2238 ut
1250 2196 1423 2248 dicitur,
1443 2195 1652 2250 templum
1683 2194 1884 2236 aedificari
1908 2194 1990 2235 sibi
2017 2194 2187 2236 faceret.

82 2276 148 2319 Ob
168 2276 214 2318 id
232 2278 492 2332 Antwerpiae
520 2278 566 2318 in
588 2277 761 2318 ecclesia
784 2278 917 2318 sancti
938 2276 1154 2318 Michaelis
1179 2275 1234 2317 ab
1253 2277 1452 2330 episcopo
1472 2275 1742 2325 Tornacensi,
1768 2273 1833 2327 cuj
1843 2287 1889 2314 115
1915 2273 2068 2314 ditioni
2089 2278 2193 2315 tunc

81 2355 198 2397 locus
232 2355 499 2410 subjacebat,
534 2357 758 2398 institutus
779 2361 841 2398 est
872 2361 1006 2397 coetus
1026 2354 1254 2396 duodecim
1283 2355 1550 2408 clericorum,
1575 2355 1651 2409 qui
1677 2367 1720 2396 se
1740 2355 1884 2408 impiis
1918 2353 2192 2408 dogmatibus

80 2441 344 2490 opponerent
361 2451 370 2477 ε
391 2449 487 2491 quae
513 2437 688 2478 ecclesia
704 2436 980 2491 postmodum
999 2440 1143 2477 sancto
1159 2434 1370 2476 Norbcrto
1384 2434 1541 2476 tradita
1559 2438 1635 2475 est.
1652 2434 1755 2485 Quae
1769 2434 1931 2474 fuerint
1947 2434 2191 2475 Tanchelmi

81 2528 280 2569 perversa
294 2515 508 2570 dogmata,
530 2516 735 2558 discimus
760 2529 811 2558 ex
835 2516 1013 2571 epistola
1049 2513 1328 2568 Trajectensis
1362 2512 1556 2553 Ecclesiae
1590 2511 1644 2552 ad
1665 2511 1930 2552 Fridericum
1960 2513 2192 2553 antistitem

82 2594 377 2636 Coloniensem
402 2613 418 2629 «
445 2594 498 2636 de
520 2595 777 2637 Tanchelmo
800 2595 1038 2636 seductore.
1082 2613 1096 2628 »
1127 2595 1169 2634 Is
1194 2593 1357 2648 quippe
1383 2592 1542 2644 aiebat,
1572 2610 1587 2625 «
1618 2591 1824 2632 Ecclesias
1857 2591 1935 2631 Dei
1970 2591 2190 2645 lupanaria

88 2692 102 2707 »
140 2685 229 2715 esse
252 2673 518 2727 reputanda,
552 2673 663 2715 nihil
681 2687 769 2715 esse
793 2672 912 2729 quod
942 2672 1211 2715 sacerdotum
1231 2672 1374 2713 officio
1402 2672 1447 2712 in
1475 2684 1620 2712 mensa
1639 2670 1852 2712 dominica
1880 2671 2162 2713 conficeretur
2179 2687 2193 2723 3

88 2770 102 2786 υ
137 2752 412 2806 pollutiones,
434 2765 521 2794 non
544 2755 810 2795 Sacramenta
839 2753 1126 2805 nominanda3
1157 2767 1209 2795 ex
1229 2753 1392 2794 meritis
1416 2756 1457 2792 et
1481 2752 1701 2792 sanctitate
1730 2753 2026 2793 ministrorum
2049 2754 2188 2794 virtu-

87 2850 102 2864 »
139 2836 225 2872 tem
261 2833 541 2874 sacramentis
573 2833 771 2875 accedere
798 2849 806 2874 ε
840 2854 854 2867 »
891 2846 988 2888 quae
1024 2835 1168 2875 onmia
1202 2833 1311 2874 helle
1345 2833 1665 2886 praemissorum
1699 2832 1998 2873 haereticorum
2029 2832 2192 2874 deliriis

81 2911 353 2952 conveniunt.
376 2911 610 2965 Presbyter
641 2912 838 2966 quidam,
861 2913 1180 2954 Evervacherus
1199 2912 1386 2961 nomine,
1414 2930 1428 2944 «
1461 2924 1483 2951 a
1502 2910 1753 2951 sacerdotali
1785 2911 1991 2965 dignitate
2018 2917 2188 2965 aposta-

88 3008 102 3021 υ
138 2993 248 3042 tans,
266 2990 441 3032 nefandi
460 2991 647 3032 hominis
666 2992 910 3046 magisterio
940 2991 1137 3044 adhaesit,
1158 2997 1198 3033 et
1218 2992 1339 3033 illum
1365 2992 1544 3032 Romam
1572 2995 1824 3044 prosecutus
1849 3011 1863 3025 »
1887 2996 1969 3041 est,
1991 2991 2190 3045 idemque

82 3071 226 3119 postea
259 3069 395 3110 multa
426 3069 582 3111 damna
610 3070 757 3111 intulit
796 3071 990 3112 Ecclesiae
1019 3070 1289 3125 Trajectensi.
1328 3072 1464 3111 Porro
1495 3069 1712 3110 Fridcrico
1747 3070 1904 3123 gratias
1935 3071 2022 3123 agit
2051 3069 2189 3110 clerus

81 3144 376 3199 Trajectensis,
401 3148 521 3202 quod
555 3149 801 3190 Tanchelmi
830 3168 845 3182 «
871 3162 1046 3190 cursum
1076 3154 1118 3190 et
1149 3150 1358 3203 impetum
1384 3147 1633 3189 retardavit.
1666 3168 1680 3183 »
1706 3150 1767 3189 Ex
1797 3162 1884 3203 quo
1918 3149 2186 3202 intelligitur,

82 3221 170 3273 ejus
191 3237 357 3267 errores
387 3240 524 3287 usque
556 3229 602 3269 in
636 3228 961 3283 Trajectensem,
988 3229 1074 3270 imo
1106 3233 1147 3270 et
1180 3229 1225 3269 in
1260 3228 1556 3270 Coloniensem
1594 3226 1608 3283 ζ
1623 3232 1671 3269 ut
1703 3241 1754 3269 ex
1779 3229 1980 3269 Evervini
2013 3227 2189 3281 epistola

83 3301 223 3357 patet)
256 3303 471 3347 dioecesim
502 3312 759 3361 penetrasse,
781 3312 911 3362 atque
950 3307 1003 3348 ab
1038 3306 1187 3349 eodem
1211 3311 1382 3348 auctore
1407 3307 1679 3348 Colonienses
1716 3307 1810 3348 11105
1835 3306 2052 3346 haereticos
2074 3309 2192 3345 ortos

84 3378 229 3422 fuisse.
