2517 3920
363 190 456 226 117.)

1130 193 1165 227 S.
1196 190 1447 226 BERNARDI
1476 186 1675 222 ABBATIS

2341 183 2440 220 1176

1366 272 1483 299 -200cst
1503 277 1588 299 eum
1618 261 1777 298 reddere
1800 268 1887 297 vota
1907 273 1972 297 sua
2001 273 2085 310 quae
2108 259 2363 297 distinxerunt
2385 262 2440 298 la-

746 333 922 372 CAPL‘T
953 334 983 371 Ι.

362 457 413 484 An
426 455 603 486 monasticae
622 455 748 496 Regulae
762 455 898 486 instituta
912 458 1066 496 praecepta
1085 452 1165 489 sint,
1187 462 1226 482 an
1239 449 1367 481 consilia

783 508 943 539 duntaxat.

410 625 451 661 ,1.
484 622 608 659 Prima
636 622 750 671 igitur
775 621 933 671 quaestio
962 620 1061 656 circa
1084 618 1266 667 Regulam
1295 629 1366 653 no-

363 689 479 717 stram
506 690 699 728 versatur,
730 681 775 717 de
808 694 882 730 qua
904 680 969 729 (ni
996 677 1129 727 fallor)
1154 685 1190 713 et
1211 676 1366 725 reliquae

364 754 518 787 omnes,
557 750 621 778 aut
658 754 755 791 pene
791 753 922 776 omnes
959 739 1148 775 oriuntur.
1191 735 1367 783 Quaeritis

364 814 524 850 nempe,
557 801 753 850 Regularis
785 801 848 836 illa
880 797 1068 835 institutio
1100 795 1296 845 quomodo
1331 803 1367 830 et

363 869 548 908 quatenus
597 861 644 896 sit
689 859 884 909 pensanda
931 855 1199 907 profitentibus
1242 868 1363 892 eam:

364 928 491 955 utrum
521 920 696 955 videlicet
721 927 855 955 cuncta
877 931 961 966 quae
983 917 1173 961 continet,
1195 915 1366 965 putanda

367 979 441 1014 sint
463 992 541 1014 esse
573 987 776 1028 praecepta,
811 984 1088 1026 consequenter
1119 985 1156 1013 et
1183 975 1365 1011 damnosa

1386 333 1413 364 Α
1430 323 1494 359 bia
1515 336 1599 367 sua,
1619 331 1656 358 et
1671 335 1717 358 ex
1736 334 1802 357 ore
1828 334 1896 357 suo
1915 329 1979 357 aut
1996 320 2243 357 condemnari
2259 319 2357 370 jam,
2378 330 2442 359 aut

1427 383 1641 432 justificari.
1674 385 1861 420 Caeterum
1895 381 2005 427 felix,
2028 389 2072 417 ut
2104 380 2257 430 quidam
2286 389 2440 418 sancto-

1433 456 1517 479 rum
1537 442 1611 487 ait,
1635 442 1836 478 necessitas
1850 470 1859 487 ,
1878 454 1963 490 quae
1979 440 2080 490 cogit
2095 440 2135 476 in
2155 440 2290 476 melius
2302 446 2328 477 ¹.
2345 444 2441 478 Om-

1433 503 1496 539 nia
1520 502 1682 552 proinde
1705 501 1825 539 sancti
1844 500 2038 537 Benedicti
2059 499 2232 536 instituta
2245 529 2255 546 ,
2269 500 2438 550 exceptis

1434 576 1523 599 sane
1555 563 1748 599 nonnullis
1773 562 1819 598 de
1849 559 2135 610 spiritualibus,
2162 558 2271 596 verbi
2302 573 2439 607 causa,

1435 622 1617 658 charitate
1631 650 1641 667 ,
1664 621 1874 657 humilitate
1887 648 1896 666 ,
1920 619 2216 657 mansuetudine
2228 648 2238 666 ‚
2256 632 2340 668 quae
2364 633 2440 657 non

1435 690 1509 718 tam
1525 682 1649 731 ipsum
1665 689 1812 717 constat
1829 680 2037 717 instituisse
2053 693 2168 729 quam
2182 683 2304 717 Deum
2315 708 2325 726 ,
2343 687 2380 716 et
2393 678 2441 716 ob

1432 741 1505 778 hoc
1520 744 1670 791 penitus
1686 755 1762 778 non
1778 754 1857 777 esse
1871 740 2071 786 mutanda3
2087 740 2133 776 de
2147 748 2284 776 caetero
2300 740 2443 790 reliqua

1434 801 1611 838 universa
1622 799 1641 823 ¹³
1656 814 1733 837 non
1750 799 2018 850 profitentibus
2034 799 2187 850 quidem
2204 799 2348 836 monita
2365 808 2444 837 tan-

1432 869 1536 906 tum,
1567 874 1632 897 seu
1654 861 1810 897 consilia
1840 860 2030 897 censenda
2053 868 2162 906 sunt,
2189 873 2259 897 nec
2287 869 2443 909 gravant

1431 934 1509 957 non
1543 920 1744 959 observata
1777 936 1784 956 ε
1820 935 1906 958 cum
1944 930 2069 958 tamen
2102 920 2375 971 profitentibus
2402 921 2439 957 in

1432 990 1622 1030 praeccpta
1635 1011 1644 1027 ,
1684 981 2023 1030 praevaricantibus
2056 982 2093 1017 in
2131 981 2290 1017 crimina
2330 981 2438 1029 flant,

366 1037 655 1086 transgredienti
677 1053 685 1074 :
705 1051 751 1074 an
770 1037 925 1074 consilia
946 1045 1093 1073 tantum
1113 1035 1173 1071 vel
1195 1034 1362 1077 monim,
1386 1042 1414 1076 B
1435 1041 1514 1077 sive
1542 1040 1610 1091 (ut
1638 1050 1764 1077 vestra
1794 1040 1904 1077 vobis
1932 1040 2117 1092 reddam)
2139 1041 2211 1077 illis
2230 1041 2444 1079 voluntaria

365 1105 402 1133 et
431 1097 480 1133 ob
510 1098 581 1135 1100
608 1098 767 1144 nullius,
785 1106 850 1134 aut
870 1110 949 1133 non
969 1096 1096 1145 magni
1118 1094 1300 1146 ponderis
1321 1094 1369 1131 sit

363 1157 532 1207 ipsorum
548 1159 753 1208 professi03
769 1159 924 1203 nullius,
941 1166 1005 1193 aut
1018 1169 1096 1193 non
1109 1155 1233 1205 gravis
1247 1155 1369 1204 culpae

364 1217 534 1266 ipsorum
563 1218 823 1267 praevaricatio
850 1232 858 1254 ε
891 1230 938 1254 an
966 1225 1068 1253 certe
1096 1215 1271 1265 quaedam
1296 1214 1371 1251 sint

366 1275 584 1326 deputanda
613 1278 804 1328 imperiis,
826 1276 1000 1327 quaedam
1026 1289 1098 1326 pro
1123 1274 1289 1312 consiliis
1315 1287 1371 1310 re-

364 1336 556 1384 putanda,
580 1351 657 1386 quo
683 1337 822 1387 partim
848 1350 892 1373 ea
914 1337 1044 1381 liceat,
1065 1335 1203 1385 partim
1225 1348 1303 1371 non
1325 1334 1371 1370 li-

361 1403 443 1431 ceat
472 1396 630 1433 omnino
665 1396 925 1446 praetergredi.
954 1400 1002 1433 Et
1031 1396 1061 1432 si
1087 1394 1160 1431 hoc
1190 1394 1370 1430 ultimum

365 1452 497 1501 detur,
521 1456 700 1506 distingui
730 1470 751 1493 a
782 1470 842 1493 me
875 1465 965 1493 tunc
995 1456 1148 1492 demum
1177 1463 1303 1491 certos
1327 1467 1369 1490 ac

364 1517 531 1565 propriae
548 1517 731 1567 cujusque
745 1517 861 1567 partis
875 1517 1013 1553 limites
1030 1515 1205 1565 flagitatis
1222 1530 1229 1551 :
1247 1528 1293 1552 ne
1312 1513 1373 1550 cui

365 1575 461 1612 forte
476 1590 545 1626 per
557 1578 680 1614 varias
693 1579 749 1614 sui
763 1591 894 1615 sensus
908 1577 1107 1627 opiniones
1122 1576 1296 1613 licentius
1309 1588 1373 1611 va-

365 1636 478 1684 gandi
499 1637 610 1674 detur
632 1639 799 1685 occasio3
821 1639 949 1688 sicque
971 1638 1115 1688 liquare
1140 1637 1318 1682 culicem,
1335 1643 1373 1672 et

366 1698 549 1734 camelum
573 1699 710 1748 glutire
741 1699 959 1748 contingat,
975 1698 1005 1734 si
1026 1698 1168 1734 nesciat
1185 1705 1372 1746 quantum

365 1770 465 1793 curae
496 1759 554 1794 vel
585 1771 711 1808 operae
741 1771 817 1794 suae
845 1757 1059 1807 quibusque
1086 1756 1224 1793 debeat
1244 1755 1372 1792 obser-

361 1818 508 1854 vantiis.
533 1818 604 1854 Hic
625 1826 698 1864 est,
718 1826 905 1867 quantum
928 1818 1080 1862 recolo,
1105 1825 1207 1853 totus
1235 1823 1372 1851 vestrae
1393 1824 1419 1861 C
1440 1818 1633 1867 Apostolis
1671 1817 1797 1854 dicere
1829 1825 1992 1867 possunt
2023 1832 2032 1854 τ

359 1877 459 1913 1111115
483 1878 698 1927 partitionis
724 1891 874 1925 sensus,
902 1878 970 1914 etsi
1002 1891 1081 1914 non
1101 1876 1231 1914 verba.
1253 1875 1365 1924 Quod

362 1945 488 1973 autem
511 1937 738 1987 subjungitis
759 1947 796 1974 et
815 1938 971 1988 pergitis
992 1938 1185 1987 inquirere
1204 1936 1251 1972 de
1273 1935 1366 1972 obe-

361 1996 524 2044 dientia,
558 1998 695 2047 quibus
725 1999 905 2048 gradibus
934 1998 1206 2048 distinguatur,
1227 1996 1366 2046 quibus

361 2056 559 2093 claudatur
589 2057 790 2105 limitibus3
812 2058 859 2094 ad
889 2058 1061 2094 eamdem
1088 2057 1255 2094 arbitror
1277 2069 1367 2106 per-

362 2117 481 2153 tinere
514 2117 759 2165 divisionem,
779 2119 924 2168 quippe
953 2132 1037 2167 quae
1058 2119 1096 2155 in
1124 2118 1284 2154 decretis
1310 2131 1367 2153 re-

362 2177 556 2225 gularibus
579 2180 771 2229 praecipua
800 2179 987 2215 habetur:
1012 2188 1047 2215 et
1070 2187 1165 2229 puto
1182 2207 1191 2224 ‚
1216 2192 1300 2215 cum
1321 2177 1369 2214 ad

362 2237 465 2274 illam
491 2239 578 2275 satis
612 2253 837 2289 responsum
867 2240 1002 2285 fuerit,
1029 2240 1074 2276 de
1104 2239 1174 2276 ista
1201 2237 1279 2288 jam
1317 2238 1369 2274 nil

366 2294 554 2346 supercrit
578 2299 680 2347 quod
705 2299 929 2349 ambigatur.

417 2358 452 2394 2.
495 2362 645 2408 Itaque,
689 2368 730 2395 ut
767 2360 889 2396 sentio
938 2373 1028 2409 egO,
1065 2360 1211 2409 Regula
1251 2359 1370 2396 sancti

361 2418 556 2454 Benedicti
580 2420 684 2455 omni
714 2420 861 2456 homini
883 2421 1137 2470 proponitur,
1158 2420 1372 2470 imponitur

360 2477 465 2513 1111111.
493 2478 674 2524 Prodest,
695 2480 723 2515 si
745 2479 883 2516 devote
908 2480 1114 2529 suscipitur
1135 2488 1172 2516 et
1194 2488 1370 2527 tenetur,

360 2550 437 2573 non
463 2546 587 2574 tamen
604 2568 613 2584 ,
636 2539 666 2575 51
687 2553 764 2576 non
786 2540 1014 2590 suscipitur,
1031 2539 1152 2576 obest.
1171 2540 1283 2588 Quod
1305 2554 1372 2576 au—

1434 1100 1494 1136 vel
1521 1100 1679 1147 factitia,
1708 1100 1787 1136 istis
1808 1100 2039 1146 necessaria,
2067 1108 2104 1136 et
2130 1108 2310 1149 tanquam
2331 1108 2443 1137 natu-

1436 1160 1528 1196 ralia
1550 1173 1627 1196 non
1656 1160 1846 1197 immerito
1869 1168 2108 1210 reputantur.
2128 1163 2186 1197 Ita
2208 1173 2297 1197 sane
2318 1173 2446 1197 neces-

1437 1220 1533 1256 saria
1560 1220 1743 1267 dixerim,
1763 1228 1808 1270 ‚ut
1834 1232 1880 1256 ex
1911 1220 1964 1256 eis
1992 1219 2149 1256 minime
2176 1218 2446 1270 praejudicetur

1438 1280 1660 1318 necessariis
1685 1279 2052 1330 rationabilibusque
2078 1279 2433 1330 dispensationibus.

1822 1406 2000 1445 CAPUT
2030 1406 2085 1445 ΙΙ.

1525 1533 1562 1560 Ι11
1579 1527 1852 1561 constitutionibus
1868 1529 2022 1571 majorum
2038 1528 2164 1571 quando
2176 1535 2207 1561 et
2222 1539 2240 1560 a
2256 1529 2369 1572 quibus

1817 1583 2074 1626 dispensandum.

1493 1699 1528 1735 3.
1560 1697 1632 1734 Sed
1667 1710 1746 1734 non
1779 1695 1959 1734 omnibus
1986 1697 2027 1734 in
2055 1695 2276 1746 hujusmodi
2303 1698 2444 1736 credita

1440 1766 1496 1800 051
1527 1757 1782 1807 dispensatio,
1826 1757 1899 1793 nisi
1934 1757 1991 1794 his
2025 1757 2211 1794 duntaxat
2249 1758 2316 1808 qui
2359 1771 2443 1795 cum

2069 1819 2129 1854 Sic
2162 1831 2228 1853 nos
2264 1822 2447 1855 eoeistitnet

1433 1878 1541 1913 homo
1578 1887 1614 1913 ιιι
1654 1882 1844 1913 ministros
1891 1877 2030 1913 Christi
2049 1904 2061 1921 ,
2100 1886 2136 1913 et
2173 1879 2446 1926 dispensatores

1434 1942 1686 1986 mysteriormn
1717 1940 1788 1973 Dec'
1809 1943 1835 1972 ².
1865 1937 1981 1974 Novit
2012 1944 2137 1974 autem
2169 1937 2289 1975 fidelis
2317 1950 2446 1975 servus

1434 2007 1472 2035 et
1503 1997 1694 2048 prudens,
1739 2010 1853 2047 quem
1905 1996 2105 2034 constituit
2157 1997 2346 2035 Dominus
2387 2010 2446 2034 su—

1434 2073 1503 2109 per
1529 2059 1707 2095 familiam
1733 2072 1839 2096 suam
1856 2087 1866 2103 ,
1897 2058 1951 2095 ibi
1982 2067 2130 2096 tantum
2154 2072 2340 2109 usurpare
2367 2059 2445 2096 dis--

1435 2119 1700 2169 pensationem
1719 2149 1728 2165 ,
1755 2119 1858 2155 unde
1890 2117 2031 2156 bonam
2064 2119 2185 2169 possit
2218 2118 2357 2157 habere
2383 2132 2447 2157 re-

1438 2179 1804 2230 compensationem.
1846 2183 1929 2217 Hoc
1961 2180 2106 2230 quippe
2137 2180 2321 2229 quaeritur
2347 2179 2445 2217 inter

1439 2240 1746 2289 dispensatores,
1780 2247 1821 2276 ut
1858 2239 1978 2276 fidelis
2016 2240 2101 2289 quis
2139 2239 2369 2277 inveniatur.
2397 2243 2443 2277 Et

1440 2299 1571 2336 cadem
1598 2300 1756 2335 fortasse
1786 2298 1947 2336 fidelitas
1966 2313 1986 2336 a
2009 2298 2172 2336 subditis
2199 2299 2442 2337 nihilominus

1439 2361 1602 2409 exigitur
1634 2361 1673 2396 in
1709 2360 2035 2410 obtemperando,
2065 2374 2151 2411 quae
2186 2374 2206 2398 a
2234 2361 2443 2411 praepositis

1441 2420 1479 2456 in
1505 2419 1771 2469 dispensando.
1801 2422 1959 2457 Constat
1978 2421 2094 2470 igitur
2116 2434 2162 2457 ex
2191 2421 2248 2458 his
2274 2434 2358 2471 quae
2385 2420 2443 2457 di—

1441 2489 1499 2516 cta
1531 2489 1639 2526 sunt,
1672 2489 1837 2517 vestram
1868 2481 1970 2517 illam
2002 2475 2228 2518 divisionem
2260 2481 2440 2531 integram

1441 2553 1521 2576 esse
1549 2554 1592 2576 ac
1625 2541 1898 2587 sufficientem,
1926 2541 1957 2577 si
1982 2540 2098 2578 modo
2119 2554 2294 2591 personae
2313 2541 2442 2579 distin-

363 2606 435 2634 tem
459 2599 495 2635 in
516 2601 714 2637 voluntate
738 2609 794 2637 est
818 2601 1077 2651 suscipientis,
1098 2614 1174 2637 non
1197 2601 1234 2637 in
1254 2610 1368 2651 pote·
1389 2609 1423 2642 D
1441 2608 1607 2649 guantur
1632 2609 1669 2636 01
1689 2609 1885 2650 tempora,
1911 2600 2000 2637 dum
2026 2600 2208 2651 subjectis
2227 2600 2376 2651 quidem
2396 2599 2442 2637 sit

362 2666 456 2694 state
487 2660 758 2709 proponentis,
792 2661 1050 2697 voluntarium
1087 2662 1225 2697 merito
1257 2661 1368 2698 dixe-

363 2717 455 2763 rim,
493 2733 571 2755 non
606 2721 873 2757 necessarium.
916 2725 1093 2757 Attamen
1133 2721 1206 2757 hoc
1242 2721 1367 2771 ipsum

363 2777 465 2825 quod
484 2778 568 2815 dico
587 2781 845 2817 voluntarium
862 2809 871 2826 ,
895 2781 926 2817 si
945 2781 1029 2830 quis
1049 2794 1097 2817 ex
1120 2781 1279 2830 propria
1300 2794 1368 2817 vo-

362 2837 506 2874 luntate
538 2841 652 2876 semel
687 2841 899 2888 admiserit,
929 2850 966 2878 et
1003 2841 1223 2891 promiserit
1255 2841 1365 2878 dein-

361 2910 448 2946 00115
478 2899 703 2947 tenendum3
738 2902 909 2950 profecto
943 2902 982 2937 in
1010 2901 1265 2938 necessarium
1294 2901 1366 2938 sibi

362 2957 443 3006 ipse
475 2960 679 3005 convertit,
710 2974 778 2997 nec
803 2961 882 3010 jam
909 2961 1071 2999 liberum
1101 2961 1215 2999 habet
1238 2961 1365 2998 dimit—

364 3026 463 3062 tcre,
485 3018 589 3066 quod
609 3027 695 3055 ante
724 3028 847 3056 tamen
876 3035 953 3057 non
983 3022 1175 3071 suscipere
1204 3021 1365 3058 liberum

362 3076 505 3113 habuit.
538 3077 706 3128 Ideoque
736 3080 840 3128 quod
872 3094 918 3117 ex
948 3083 1147 3118 voluntate
1176 3082 1366 3132 suscepit,

362 3150 410 3172 ex
431 3138 650 3174 necessitate
676 3138 848 3175 tenebita
880 3155 886 3176 :
910 3141 1000 3190 quia
1024 3142 1182 3179 omnino
1213 3155 1365 3180 necesse

407 3276 417 3291 ¹
439 3273 469 3301 S.
491 3272 699 3312 AugustinuS,
716 3272 805 3314 epist.
826 3275 900 3303 127.
920 3292 965 3295 —
981 3279 992 3294 ²
1012 3277 1026 3305 1
1046 3276 1118 3305 Cor.
1137 3287 1182 3313 1v,
1203 3280 1229 3306 1.

404 3333 416 3348 ³
431 3331 517 3362 Alias
532 3331 620 3374 ,jam
635 3330 762 3364 (ruebit.
780 3353 820 3355 >er
836 3326 851 3348 ¹³
870 3348 881 3357 -v
905 3335 1089 3376 Corporales
1103 3335 1317 3366 observantias
1338 3352 1349 3362 »

1436 2661 1560 2697 omnis
1591 2661 1774 2710 regularis
1801 2661 1990 2698 institutio
2021 2661 2234 2713 (quantum
2260 2662 2441 2699 duntaxat

1435 2721 1481 2757 ad
1504 2722 1723 2771 corporales
1743 2721 2006 2759 observantias
2030 2722 2220 2774 pertinet)
2243 2731 2329 2760 ante
2353 2734 2441 2773 pro-

1435 2781 1635 2818 fessionem
1655 2782 1892 2829 voluntaria,
1913 2790 2002 2832 post
2021 2782 2296 2832 professionem
2314 2793 2441 2819 neces-

1432 2841 1528 2877 saria
1545 2856 1552 2877 :
1569 2841 1735 2890 praelatis
1755 2855 1847 2878 vero
1868 2843 2007 2892 partim
2026 2843 2242 2880 voluntaria
2257 2872 2266 2890 ,
2287 2851 2330 2880 ut
2357 2854 2439 2892 quae

1433 2901 1590 2938 inventa
1617 2901 1664 2938 ab
1691 2902 1867 2949 liomine3
1888 2903 2027 2952 partim
2049 2903 2278 2950 necessaria,
2298 2910 2339 2940 ut
2357 2914 2439 2952 quae

1434 2961 1575 2997 fuerint
1596 2961 1778 3000 divinitus
1800 2963 1983 3000 instituta.

1488 3021 1523 3058 4.
1555 3026 1676 3070 Quam
1706 3022 1756 3059 ob
1781 3036 1859 3059 rem
1892 3023 2060 3061 fortassis
2087 3032 2178 3061 tunc
2202 3022 2436 3074 potissimum

1434 3095 1601 3131 congrua
1622 3091 1659 3118 et
1676 3083 1870 3120 luculenta
1889 3084 2005 3133 magis
2021 3083 2153 3120 eadem
2170 3082 2304 3120 divisio
2321 3094 2435 3132 appa-

1434 3141 1532 3179 rebit
1544 3170 1553 3188 ,
1574 3142 1603 3179 51
1620 3141 1702 3191 ejus
1718 3143 1934 3180 membrum
1951 3143 2056 3194 quod
2073 3143 2216 3181 dictum
2235 3150 2292 3180 est
2309 3151 2434 3178 neces-

1377 3342 1464 3367 xocat
1482 3347 1512 3367 n.
1529 3340 1546 3368 3
1562 3343 1590 3367 et
1611 3341 1679 3378 sqq.
