2533 3920
392 229 463 264 651

395 426 644 466 fortitudinis.
666 434 722 467 Ita
745 431 958 480 prudenter
973 442 1011 469 et
1026 433 1223 471 moderate
1245 444 1400 484 oportet

394 494 430 523 te
451 496 588 524 cuncta
607 488 812 539 disponere
824 520 834 538 ‚
854 500 896 528 ut
913 506 1066 540 omnes,
1081 493 1147 543 qui
1165 502 1199 531 te
1213 494 1398 541 viderint,

391 559 438 582 ex
465 546 646 596 operibus
673 562 799 598 regem
836 559 872 586 te
903 552 1032 601 potius
1049 581 1058 598 ‚
1086 566 1199 602 quam
1231 554 1399 603 reginam

392 606 631 653 existiment,
647 621 694 645 ne
719 610 815 646 forte
837 610 965 648 dicant
984 612 1022 648 in
1041 612 1231 662 gentibus,
1249 613 1325 651 Ubi
1346 622 1401 650 est

392 679 457 702 rex
478 668 834 717 Jerosolymorum?
854 671 925 708 Sed
944 685 1022 708 non
1043 685 1146 718 sum,
1165 673 1332 722 inquies,
1351 673 1398 710 ad

391 726 461 762 ista
494 727 697 765 sufficiens.
725 732 862 779 Magna
894 731 994 767 enim
1030 731 1109 768 haec
1140 740 1251 779 sunt3
1283 746 1398 782 supra

392 787 491 823 vires
521 800 642 833 meas,
674 797 712 825 et
737 803 852 839 supra
881 790 1075 828 seientiam
1105 806 1240 829 meam.
1272 796 1398 843 Opera

390 846 470 882 liaec
499 859 616 895 opera
639 856 729 883 sunt
754 848 825 884 viri
848 863 855 885 ε
883 862 953 898 ego
979 858 1107 887 autem
1129 851 1266 888 mulier
1291 865 1396 896 sum,

390 918 552 954 corpore
585 905 744 951 debilis,
781 907 932 945 mobilis
962 909 1104 956 corde,
1137 924 1207 948 nec
1234 911 1398 961 provida

390 965 549 1001 consilio
562 993 571 1009 ‚
591 978 660 1002 nee
680 975 827 1003 assueta
849 969 1023 1018 negotiis.
1046 971 1129 1007 Scio
1142 999 1151 1015 ,
1177 971 1252 1007 filia
1266 1001 1275 1017 ‚
1294 972 1371 1008 scio
1386 1001 1396 1017 ,

390 1023 478 1071 quia
500 1036 635 1072 magna
652 1034 740 1061 sunt
755 1026 857 1063 haec:
880 1027 946 1064 sed
961 1036 998 1064 et
1014 1028 1087 1065 hoe.
1103 1029 1181 1066 scio
1195 1059 1204 1075 ‚
1223 1030 1311 1079 quia
1329 1031 1397 1067 etsi

390 1081 580 1119 mirabiles
602 1083 786 1121 elationes
806 1086 921 1123 maris
934 1116 943 1133 ‚
962 1087 1145 1126 mirabilis
1166 1089 1204 1125 in
1221 1090 1305 1126 altis
1323 1094 1399 1127 Do-
1418 1084 1446 1118 Β

389 1141 523 1178 minus.
542 1146 679 1192 Magna
705 1153 794 1181 sunt
820 1145 922 1193 haec,
941 1147 1006 1185 sed
1027 1161 1187 1199 magnus
1211 1150 1399 1188 Dominus

387 1209 538 1247 noster,
555 1210 592 1238 et
609 1216 746 1253 magna
763 1205 883 1242 virtus
904 1205 999 1256 ejus.

388 1333 1399 1352 =====================================================================

536 1450 906 1508 EPISTOLA
966 1454 1108 1512 CCC
1120 1452 1255 1512 LV?

493 1596 537 1617 AD
562 1596 719 1620 EAMDEM
751 1599 918 1623 REGINAM
947 1601 1288 1625 JEROSOLYMORUM.

386 1706 698 1736 l’raemonstratenses
725 1707 953 1748 Jerosolymam
980 1708 1213 1749 peregrinantes
1241 1720 1398 1741 commen-

858 1760 921 1792 dat.

1160 238 1195 272 S.
1227 238 1479 274 BERNARDI
1508 241 1628 276 ABBA
1635 242 1708 276 TIS

389 307 515 344 mittas
536 308 583 344 ad
604 309 716 346 fortia
730 339 739 356 ,
756 319 793 347 et
809 312 847 347 in
869 312 1027 349 muliere
1047 313 1226 351 exhibeas
1247 315 1371 351 virum
1386 314 1447 360 ‚³²¹

393 380 508 416 agens
527 381 570 405 ea
589 382 674 418 quae
695 371 841 420 agenda
860 381 949 409 sunt
971 373 1008 409 in
1031 374 1166 424 spiritu
1189 375 1338 412 consilii
1363 384 1400 412 et
1418 376 1449 409 A
1465 401 2115 413 ,mu„mm-mmm„„numum-m..

2394 247 2466 285 652

2117 403 2128 412 x
2134 403 2466 420 ==vxnswm=u==n=n==u==

1592 517 1969 573 EPISTOLA
2030 509 2350 574 CCCLV1.¹‘

1520 673 1565 694 An
1594 672 1808 695 »maenum
1838 669 2029 693 HIBERNIAE
2054 669 2377 695 sncmssmscopum
2391 667 2416 697 ⁰.

1463 794 1606 826 Remittit
1621 793 1811 835 Religios0s‚
1827 792 1882 824 sed
1900 793 1912 835 (
1921 792 2006 834 quod
2022 791 2153 834 negotiis
2172 791 2326 834 imputat)
2343 803 2406 825 non
2422 805 2468 831 sa-

1675 847 1714 878 tis
1729 846 1831 878 adhuc
1851 846 2008 883 excultos,
2030 852 2060 878 et
2082 845 2260 877 instructos.

1463 970 1666 1003 Mazicum
1686 967 1756 1003 Dei
1776 967 1895 1016 gratia
1911 966 2110 1017 episcopo,
2126 966 2233 1004 Sedis
2255 966 2467 1016 apostolicae

1517 1025 1641 1074 legato
1650 1054 1660 1072 ‚
1679 1025 1795 1062 frater
1808 1029 2037 1062 BERNARnus
2050 1025 2304 1063 Clarae-Vallis
2317 1035 2468 1066 vocatus
2504 1044 2507 1050 ·

1519 1084 1655 1132 abbas,
1676 1085 1707 1122 si
1726 1085 1820 1135 quid
1841 1093 1967 1135 potest
1982 1085 2195 1135 peccatoris
2215 1085 2338 1122 oratio
2352 1114 2362 1133 ‚
2382 1094 2418 1124 et
2438 1089 2467 1126 si

1519 1145 1611 1195 quid
1632 1145 1814 1196 pauperis
1835 1144 1989 1182 devotio
2006 1144 2176 1196 prodest.

1519 1273 1690 1311 Fecimus
1719 1273 1823 1324 quod
1852 1272 2037 1329 praecepit
2061 1272 2247 1309 Sanctitas
2273 1280 2471 1320 vestra‚et

1465 1334 1495 1371 si
1527 1347 1605 1370 non
1637 1342 1678 1371 ut
1709 1334 1886 1384 dignum,
1922 1334 2096 1384 profecto
2122 1341 2165 1370 ut
2191 1331 2372 1383 possibile
2400 1346 2467 1383 pro

1467 1402 1640 1443 tempore
1669 1394 1749 1431 fuit.
1785 1398 1905 1431 Tanta
1933 1392 2037 1444 apud
2065 1406 2136 1430 nos
2159 1392 2303 1442 ubique
2332 1392 2467 1430 malitia

1465 1462 1670 1503 grassatur,
1690 1462 1733 1490 ut
1752 1454 1815 1490 vix
1837 1453 1876 1490 id
1896 1452 2099 1499 tantillum,
2117 1451 2223 1502 quod
2244 1452 2383 1488 factum
2403 1461 2468 1499 est,

1466 1514 1547 1550 fieri
1579 1513 1740 1551 licuerit.
1771 1513 1942 1551 Misimus
1974 1511 2082 1549 tamd
2113 1511 2291 1562 exiguum
2321 1511 2469 1550 seminis

1465 1573 1569 1623 quod
1609 1573 1768 1619 videtis,
1803 1573 1851 1610 ad
1887 1571 2149 1610 seminandam
2185 1571 2246 1608 vel
2286 1571 2468 1609 modicam
2503 1609 2505 1613 ,

1464 1642 1612 1683 partem
1641 1634 1721 1683 agri
1748 1634 1872 1680 illius,
1891 1633 1929 1669 in
1951 1646 2064 1683 quem
2089 1645 2204 1669 verus
2223 1635 2327 1669 Isaac
2351 1645 2468 1681 quon·
2502 1673 2505 1678 ,

1464 1692 1552 1728 dam
1574 1693 1718 1730 exierat
1741 1692 1789 1729 ad
1809 1692 2093 1740 meditandum,
2110 1705 2197 1729 cum
2217 1691 2384 1741 primum
2405 1691 2469 1729 ad·
2522 1721 2523 1726 ,

1464 1754 1577 1790 ducta
1607 1762 1662 1790 est
1695 1754 1729 1790 ei
1754 1753 1928 1791 Rebecca
1961 1766 2032 1803 per
2061 1766 2225 1803 puerum
2257 1751 2467 1799 Abraham,
2504 1763 2510 1810 gf

1464 1813 1626 1863 perenni
1669 1813 1848 1863 conjugio
1891 1813 2051 1851 feliciter
2093 1812 2309 1863 copulanda
2327 1818 2352 1849 ¹.
2396 1815 2469 1850 Nec
2502 1827 2504 1838 ¹

439 1871 582 1908 Videtis
613 1880 798 1921 quantum
832 1886 1060 1923 praesumam
1091 1874 1138 1911 de
1169 1874 1303 1920 vobis,
1336 1876 1396 1913 cui
1417 1877 1444 1912 C
1464 1873 1789 1910 contemnendum
1822 1886 1970 1919 semen,
1995 1872 2042 1909 de
2072 1886 2150 1922 quo
2171 1872 2264 1909 illud
2285 1872 2325 1908 in
2353 1871 2468 1922 patri-
2502 1888 2505 1893 Α

389 1931 511 1967 audeo
542 1939 580 1968 et
609 1932 702 1969 alios
727 1934 1009 1971 commendare.
1033 1938 1260 1984 Quanquam
1291 1940 1394 1973 Prae—

390 1999 690 2028 monstratenses
716 1993 851 2030 fratres
876 1994 968 2031 istos
994 1995 1113 2044 magis
1137 1995 1305 2032 fortassis
1334 2009 1398 2032 su—

386 2051 534 2099 perflue
566 2052 885 2100 commendarim,
914 2068 1029 2103 quam
1058 2055 1268 2091 temerarie.
1302 2058 1398 2093 Sunt

386 2109 524 2146 merito
556 2110 606 2146 ita
638 2111 961 2150 commendabiles
989 2127 1077 2160 suo,
1097 2121 1140 2150 ut
1161 2127 1239 2150 non
1262 2122 1398 2164 egeant

384 2170 521 2207 alieno.
539 2171 804 2219 Invenientur,
819 2173 889 2209 nisi
906 2174 1027 2220 fallor,
1044 2174 1115 2211 viri
1137 2175 1300 2220 consilii,
1321 2176 1398 2226 spi-

388 2229 461 2265 ritu
492 2231 703 2276 ferventes,
735 2232 772 2268 in
810 2232 1055 2270 tribulatione
1088 2235 1301 2284 patientes,
1330 2250 1397 2286 po-

389 2297 510 2325 tentes
537 2290 575 2325 in
607 2303 724 2340 opere
753 2300 791 2328 et
816 2305 1004 2330 sermone.
1026 2294 1241 2331 Induerunt
1267 2308 1306 2331 se
1336 2308 1397 2332 ar-

385 2357 532 2385 matura
552 2350 641 2396 Dei;
659 2359 695 2386 et
713 2351 837 2400 gladio
853 2353 1022 2402 spiritus,
1045 2353 1148 2402 quod
1164 2362 1221 2391 est
1235 2353 1396 2391 verbum

384 2408 475 2452 Dei,
499 2422 579 2445 sese
599 2410 865 2457 accinxerunt,
888 2425 965 2450 non
987 2413 1170 2451 adversus
1188 2427 1341 2451 earnem
1360 2424 1397 2451 et

386 2469 627 2517 sanguinem,
659 2470 725 2507 sed
751 2480 883 2509 contra
911 2474 1122 2524 spiritualia
1151 2474 1331 2524 nequitiae
1358 2474 1396 2511 in

385 2528 612 2566 coelestibus.
644 2532 830 2581 Suscipite
853 2533 958 2578 illos,
991 2543 1171 2584 tanquam
1191 2533 1396 2571 bellatores

384 2588 563 2635 pacificos
578 2619 587 2635 ‚
610 2600 828 2628 mansuetos
848 2592 895 2629 ad
918 2593 1115 2639 homines,
1136 2594 1326 2630 violentos
1347 2594 1393 2630 ad

385 2646 590 2684 (belliones.
617 2653 699 2686 Imo
729 2650 918 2687 Christum
957 2653 994 2688 in
1027 2653 1081 2689 eis
1105 2653 1307 2703 suscipite,
1329 2655 1394 2702 qui

384 2715 438 2741 est
462 2721 572 2744 causa
595 2710 912 2758 peregrinationis
934 2724 1079 2749 eorum.

439 2846 446 2858 ¹
466 2842 545 2870 Oen.
567 2851 656 2871 xxiv.
692 2861 735 2864 —
753 2848 765 2862 ³
782 2844 851 2874 lsai.
873 2855 882 2873 1
896 2868 902 2880 ‚
925 2848 956 2875 9.

1464 1931 1537 1969 bus
1560 1932 1695 1970 vestris
1716 1933 1936 1982 experimur
1955 1932 2156 1982 impletum
2173 1932 2249 1969 hoc
2271 1940 2439 1981 tempore
2458 1946 2467 1969 :

1475 1994 1556 2028 Nisi
1578 1995 1762 2028 Dominus
1782 1992 1939 2029 sabaoth
1967 1994 2176 2040 reliquisset
2198 1990 2306 2027 nobis
2327 2003 2464 2037 semen,

1465 2057 1576 2100 (μισεῖ
1616 2053 1778 2088 Sodoma
1808 2050 2029 2100 fuissemus,
2069 2061 2106 2088 et
2132 2055 2227 2088 sicut
2265 2051 2468 2088 Gomorrha

1463 2115 1606 2149 similes
1632 2126 1793 2149 essemus
1807 2119 1833 2150 ².
1862 2116 1998 2162 Itaque
2021 2125 2092 2161 ego
2118 2112 2320 2156 seminavi,
2352 2111 2465 2161 rigate

1464 2186 1554 2219 vos,
1577 2181 1614 2209 et
1641 2176 1745 2211 Deus
1770 2173 2051 2210 incrementum
2078 2171 2196 2209 dabit.
2219 2175 2375 2209 Sanctos
2390 2184 2467 2208 om-
2500 2181 2503 2204 ὲ

1464 2246 1531 2270 nes
1551 2233 1617 2283 qui
1639 2233 1741 2283 apud
1761 2246 1831 2270 vos
1851 2241 1960 2280 sunt,
1978 2246 2048 2282 per
2067 2246 2135 2269 vos
2152 2233 2378 2278 salutamus,
2398 2231 2466 2268 hu*

1464 2293 1604 2330 militer
1628 2293 1799 2343 ipsorum
1823 2306 1893 2329 nos
1915 2301 1953 2329 et
1969 2293 2105 2330 vestris
2128 2292 2267 2331 sanctis
2284 2290 2465 2329 orationi-

1464 2352 1536 2391 bus
1552 2352 1877 2391 commendantes.
1899 2353 2040 2390 Valete.

431 2901 444 2914 ³
468 2897 552 2927 Alias
577 2898 705 2938 epistola
734 2902 799 2930 376
818 2911 823 2929 :
844 2912 912 2941 qua·
932 2913 1004 2933 xero
1037 2910 1127 2934 antea
1150 2908 1213 2935 :3515
1233 2910 1318 2941 crat,
1340 2915 1421 2936 nunc
1439 2907 1517 2937 304.
1543 2905 1663 2947 Scripta
1677 2916 1758 2936 eirca
1776 2916 1891 2936 anuum
1915 2907 2011 2937 1142.

433 2941 448 2962 b
462 2948 548 2979 Alias
567 2950 696 2990 epistola
716 2954 780 2982 316
802 2963 808 2982 :
829 2963 897 2994 qua:
919 2965 991 2985 vero
1023 2962 1111 2987 antea
1145 2961 1208 2988 350
1228 2964 1308 2995 crat,
1335 2969 1418 2989 nunc
1442 2962 1521 2990 309.
1543 2959 1664 3001 Scripta
1681 2970 1764 2990 auno
1784 2959 1897 2990 (Ilirisli
1926 2961 2023 2990 1141.

432 3007 444 3020 ⁰
462 3004 499 3032 Et
519 3002 598 3032 lianc
619 3003 779 3044 epistolam
802 3006 881 3036 inter
905 3006 1094 3039 Hiber-niens
1114 3010 1224 3041 ordiue
1246 3014 1286 3042 43
1309 3013 1449 3044 [sserius
1466 3012 1579 3051 refert,
1596 3013 1649 3044 ubi
1670 3014 1765 3045 multa
1787 3013 1824 3045 de
1843 3013 2047 3045 Melli-Foute
2061 3037 2068 3051 ,
2090 3013 2219 3055 aliisque
2236 3013 2372 3056 ejusdem
2395 3022 2461 3055 [uss-

382 3054 491 3084 unciae
511 3054 766 3087 cisterciensibus
787 3059 980 3090 monasteriis
1003 3067 1097 3092 notat.

428 3108 442 3127 ‘¹
465 3108 548 3139 Alias
563 3133 569 3145 ,
595 3107 735 3140 Misimus
754 3117 866 3142 tamen.
