2533 3920
354 233 424 269 17‘)
1113 236 1148 270 S.
1192 236 1444 271 BERMRDI
1474 239 1676 273 ABBATIS
2360 240 2430 277 180

348 322 409 356 se3
433 309 631 346 veritatem
653 318 789 357 testor,
808 309 880 346 hoc
897 323 1029 347 verum
1049 323 1126 347 non
1146 324 1238 347 esse.
1258 314 1355 360 Ego-
1374 310 1405 328 ⁴⁶
1423 322 1500 349 tom
1516 315 1696 362 pulchra,
1715 312 1855 362 absque
1877 327 1918 349 eo
1939 317 2042 362 quod
2056 318 2275 352 lntrinsecus
2295 319 2432 354 latet¹i³

349 383 396 406 ne
424 369 470 406 dc
491 370 690 407 notissimo
708 370 799 406 mihi
818 371 1050 407 monasterio
1071 371 1130 407 vel
1147 370 1331 420 jactarem
1347 400 1357 418 ,
1375 371 1407 405 A
1427 374 1528 422 Quid
1558 374 1709 411 fecisti?
1738 374 1831 422 Quis
1858 373 1931 410 hoc
1963 374 2163 411 crederet?
2189 378 2367 413 Sanctum
2397 368 2433 414 te

351 429 407 465 vel
438 443 628 479 sperarem
655 430 883 467 monachum
913 443 972 466 me
998 444 1109 480 posse
1141 431 1357 481 suscipere,

350 503 464 538 quem
494 504 563 527 nec
592 504 660 526 vos
685 490 839 540 quidem
862 499 956 539 puto
986 491 1067 527 sine
1091 492 1225 540 grandi
1252 505 1361 528 scan-

351 549 437 585 dalo
454 563 565 599 posse
592 551 784 586 retinere?
806 550 878 586 Sed
893 559 986 587 esto.
1012 551 1234 588 Invidebam
1252 552 1361 588 illum

350 609 478 656 vobis,
511 619 547 646 et
574 611 663 647 mihi
699 611 887 647 attrahere
924 611 1087 660 gestiens
1107 640 1116 657 ,
1144 612 1286 661 aliquid
1315 612 1361 648 (10

349 669 430 719 ejus
451 670 660 707 obtinenda
682 670 921 708 absolutione
940 672 1145 708 machinari
1167 685 1226 708 me
1246 684 1357 722 posse

349 729 549 778 sperabam
570 731 647 767 sive
669 731 868 780 fingebam.
894 731 967 769 Sed
988 732 1174 782 numquid
1199 732 1359 769 creden—

350 789 441 825 dum
461 790 552 836 fuit,
575 804 634 827 me
654 791 724 827 hoc
745 805 872 828 meum
895 792 1095 829 consilium
1114 792 1186 842 ipsi
1203 793 1358 840 nuntio,

348 849 454 898 quod
479 850 610 899 utique
639 859 772 888 contra
801 864 911 888 suum
937 853 1211 889 monasterium
1245 866 1360 889 exco-

348 909 576 957 gitaveram,
611 911 773 947 voluisse
804 912 1045 961 patefacere?
1069 913 1142 950 Sed
1170 912 1279 961 jain,
1313 926 1360 949 ne

349 968 453 1017 quod
480 968 526 1005 de
553 978 682 1006 nostra
711 983 799 1019 erga
829 984 898 1007 vos
929 970 1133 1008 dilectione
1163 972 1360 1021 hucusque

349 1027 584 1074 credidistis,
609 1029 701 1065 falso
723 1042 791 1065 vos
812 1030 1015 1067 credidisse
1042 1031 1264 1078 inveniatis3
1287 1045 1359 1081 pro

346 1096 473 1123 vestra
499 1087 512 1138 (
534 1096 577 1124 ut
598 1088 740 1139 video)
764 1103 893 1136 causa,
924 1103 1003 1126 non
1027 1091 1158 1127 saltem
1181 1105 1288 1141 aeque
1319 1101 1361 1129 ut

347 1160 418 1196 pro
447 1160 550 1194 mea,
578 1148 656 1185 imo
681 1150 800 1186 multo
828 1151 992 1200 amplius
1020 1150 1275 1188 laborandum
1304 1161 1361 1190 est

348 1206 439 1242 mihi
455 1237 465 1253 ,
483 1216 520 1244 et
538 1208 610 1245 hoc
628 1222 705 1246 non
727 1210 924 1260 quomodo
945 1211 1142 1261 hucusque
1170 1211 1360 1260 solebam,

348 1275 389 1302 ut
407 1267 585 1305 videlicet
602 1278 733 1306 nostra
750 1271 979 1308 unanimitas
998 1271 1135 1308 fortius
1160 1272 1360 1320 solidetur,

349 1327 416 1363 sed
442 1341 490 1364 ne
511 1329 661 1378 penitus
682 1330 924 1368 dissolvatur.
945 1332 1046 1380 Quid
1074 1332 1198 1370 dicam
1222 1333 1362 1370 vobis?

350 1390 430 1436 Ego
449 1397 550 1425 certe
577 1402 646 1426 nec.
663 1390 773 1427 vobis
786 1420 795 1437 ,
827 1405 896 1428 nec
925 1391 971 1428 de
991 1391 1100 1429 vobis
1125 1394 1197 1430 tale
1217 1394 1359 1444 aliquid

352 1446 506 1484 credere
521 1461 671 1497 possem
683 1477 692 1495 ,
716 1451 826 1499 quale
847 1464 915 1487 vos
933 1452 1012 1488 sola
1029 1451 1076 1489 de
1094 1466 1154 1490 me
1172 1454 1362 1504 suspicio-

351 1519 399 1543 ne
417 1507 625 1546 divinastis.
646 1514 700 1547 De
719 1519 855 1548 caetero
873 1513 1024 1549 noverit
1043 1522 1169 1550 vestra
1190 1515 1361 1564 Benigni-

353 1575 426 1612 tas,
458 1569 635 1606 comitem
653 1570 917 1608 Theobaldum
933 1578 947 1594 ²¹
976 1581 1124 1610 nostras
1152 1587 1224 1624 pro
1244 1578 1362 1611 Hum-

351 1626 461 1664 herto
494 1629 636 1667 litteras
654 1629 735 1679 jam
764 1632 974 1682 recepisse,
1001 1633 1067 1670 sed
1093 1634 1258 1670 necdum
1291 1647 1361 1671 suo

354 1688 446 1724 mihi
467 1691 651 1740 rescripto
673 1692 882 1742 quidquam
904 1694 1157 1744 respondisse.
1180 1695 1279 1743 Quid
1297 1709 1362 1732 su—

353 1761 423 1798 per
455 1749 528 1786 hoc
558 1751 668 1789 vobis
694 1753 883 1802 agendum
913 1755 982 1800 sit,
1015 1755 1096 1805 ipsa
1128 1768 1196 1791 vos
1228 1755 1363 1792 melius

352 1809 473 1859 pietas
490 1810 660 1859 docebit,
679 1814 707 1850 si
727 1814 788 1863 pie
806 1814 973 1852 hominis
996 1814 1137 1864 injuste
1155 1815 1364 1852 exsulantis

353 1869 541 1908 miseriam
564 1885 725 1922 pensare
746 1887 822 1911 non
844 1875 1042 1925 negligitis.

348 1993 1330 2010 =============================================================
1334 2000 1361 2009 νι

486 2095 861 2154 EPISTOLA
919 2089 1222 2158 XXXIV.¹’

576 2237 622 2259 An
653 2238 858 2262 nnixcoxmi
889 2234 1141 2264 moment-31⁰.

360 2329 602 2370 Congratulatur
625 2331 786 2372 Drogoni‚
812 2332 896 2374 quod
922 2333 962 2364 ad
988 2333 1175 2365 strictiorem
1200 2334 1369 2366 observan-

430 2383 505 2414 tiam
522 2384 677 2416 transierit
698 2397 705 2416 ;
727 2384 933 2428 hortaturque
957 2387 997 2418 ad
1020 2389 1296 2430 perseverantiam.

418 2478 449 2513 1.
473 2481 593 2526 Quam
620 2492 698 2516 non
729 2480 922 2517 immerito
950 2481 1004 2518 tui
1031 2481 1259 2531 jamdudum
1289 2496 1368 2519 non

363 2537 543 2575 mediocri
561 2540 703 2576 fueram
724 2540 880 2577 affectus
897 2554 1027 2579 amore
1041 2572 1050 2588 ,
1068 2556 1170 2579 nunc
1189 2551 1366 2592 apparet,

362 2597 603 2636 dilectissime
621 2605 762 2650 Drogo.
785 2605 831 2638 Et
857 2611 944 2638 ante
964 2603 1121 2652 quidem
1144 2611 1264 2639 totum
1288 2603 1371 2652 pul-

1427 448 1468 472 ac
1493 435 1815 483 religiosissimum
1846 442 1923 470 tota
1950 434 2082 471 civitas
2107 436 2360 485 personabat,
2383 437 2434 474 ita

1426 504 1469 532 ut
1490 495 1581 532 nihil
1606 495 1671 532 tibi
1693 495 1780 532 addi
1804 508 1916 545 posse
1939 494 2161 532 crederetur
2182 509 2229 532 ex
2254 496 2434 536 omnibus

1425 555 1537 593 bonis
1555 571 1562 593 :
1582 564 1619 593 et
1645 565 1686 592 tu
1710 556 1815 592 velut
1834 570 1854 592 0
1875 555 2118 593 saecularibus
2147 570 2245 594 unus
2259 586 2269 604 ,
2299 571 2435 594 mona-

1427 617 1582 654 sterium
1606 625 1784 666 tanquam
1810 618 1989 653 saeculum
2011 616 2211 664 deserens,
2227 616 2306 668 jam
2327 618 2435 655 attri—

1426 685 1505 713 tum
1532 676 1669 714 Christi
1698 677 1845 713 sarcina
1871 677 2012 713 collum
2040 690 2151 714 novae
2180 691 2334 715 rursum
2359 677 2433 715 ob-

1426 736 1626 773 servantiis
1644 736 1853 786 disciplinae
1873 736 2096 773 submittere
2120 750 2200 774 non
2221 736 2436 775 erubescis?

1424 800 1469 833 In
1488 804 1523 832 te
1541 809 1643 832 nunc
1661 825 1669 841 ,
1693 796 1827 841 frater,
1850 809 1977 833 veram
1996 796 2206 846 probamus
2231 797 2333 834 illam
2355 810 2436 835 esse

1427 868 1490 892 sen
1498 855 1671 901 tentiam,
1687 869 1761 904 qua
1777 855 1915 892 dicitur
1934 871 1941 892 :
1962 861 2053 894 Cum
2071 854 2437 904 consummata-esne-

1427 919 1476 950 rit
1494 916 1621 958 homo,
1638 924 1723 950 tanc
1737 917 1868 963 incipit
1880 922 1904 952 ².
1926 915 2114 952 Indicium
2133 929 2224 966 ergo
2248 924 2322 952 tuae
2341 929 2438 952 con-

1427 975 1691 1011 summationis
1711 983 1767 1011 est
1789 975 1893 1024 quod
1921 988 2023 1012 nunc
2051 976 2218 1026 coepisti;
2240 985 2278 1013 et
2302 976 2341 1013 in
2361 989 2437 1026 quo

1428 1033 1674 1071 arbitrabaris
1694 1042 1730 1070 te
1751 1047 1828 1070 non
1850 1035 2204 1084 comprehendisse,
2221 1035 2302 1085 jam
2329 1049 2438 1073 com-

1384 1096 1412 1129 B
1427 1094 1700 1145 prehenderaS.
1722 1098 1842 1131 Nemo
1863 1095 2008 1144 quippe
2027 1096 2238 1144 perfectus,
2260 1097 2326 1146 qui
2349 1109 2439 1146 per-

1428 1155 1562 1191 fectior
1583 1168 1663 1191 esse
1687 1167 1765 1191 non
1785 1155 1954 1205 appetit3
1976 1163 2014 1192 et
2029 1155 2068 1191 in
2091 1168 2138 1192 eo
2163 1156 2326 1206 quisque
2350 1169 2440 1206 per-

1430 1215 1625 1251 fectiorem
1654 1228 1692 1252 se
1713 1214 1872 1265 probat,
1900 1214 2007 1266 quod
2027 1215 2076 1252 ad
2103 1215 2289 1266 majorem
2318 1216 2441 1253 tendit

1428 1275 1718 1326 perfectionem.

1483 1336 1517 1373 2.
1550 1336 1622 1373 Sed
1659 1349 1769 1382 ecce,
1805 1335 2051 1383 charissime,
2084 1337 2116 1374 is
2155 1336 2265 1387 cujus
2296 1337 2441 1375 invidia

1428 1409 1531 1433 mors
1551 1396 1708 1433 intravit
1726 1397 1765 1433 in
1789 1396 1922 1433 orbem
1949 1405 2157 1445 terrarum,
2179 1411 2307 1435 arcum
2330 1411 2440 1435 suum

1432 1456 1614 1503 tetendit,
1647 1465 1685 1493 et
1709 1458 1858 1507 paravit
1883 1458 1991 1494 illum
2017 1473 2025 1494 z
2050 1466 2088 1494 et
2116 1458 2206 1508 quia
2234 1458 2368 1508 pulsus
2394 1458 2441 1496 de

1430 1518 1546 1554 corde
1568 1526 1633 1555 tuo
1657 1518 1759 1555 intus
1783 1527 2011 1568 potestatem
2034 1519 2176 1566 amisit,
2197 1519 2288 1556 foris
2313 1520 2443 1556 saeviet

1429 1586 1616 1627 quantuni
1637 1578 1791 1628 poterit.
1814 1582 1860 1615 Et
1886 1587 1929 1615 ut
1948 1580 2117 1628 apertius
2144 1579 2293 1628 loquar,
2320 1579 2442 1616 nescis

1428 1638 1518 1688 quia
1549 1638 1727 1675 Pharisaei
1760 1639 2003 1676 scandalizati
2033 1647 2123 1676 sunt
2149 1639 2188 1676 in
2217 1639 2290 1676 hoc
2320 1639 2441 1677 verbo

1429 1698 1534 1748 quod
1552 1698 1694 1735 fecisti?
1716 1699 1788 1736 Sed
1807 1707 2001 1736 memento
2026 1712 2104 1736 non
2132 1699 2306 1736 omnium
2333 1713 2442 1736 scan-

1430 1758 1558 1795 dalum
1594 1771 1827 1808 magnopere
1863 1771 1944 1795 esse
1973 1758 2184 1796 curandum
2203 1788 2213 1806 ,
2238 1757 2349 1808 juxta
2381 1772 2444 1796 re-

1430 1818 1676 1868 sponsionem
1697 1818 1854 1856 Domini
1874 1818 2034 1856 dicentis
2057 1833 2064 1855 :
2089 1820 2207 1854 Sinite
2223 1821 2330 1863 illos‚·
2352 1821 2447 1856 coeci

1384 1885 1411 1921 C
1431 1888 1537 1922 sunt,
1561 1888 1597 1914 et
1625 1881 1737 1914 (luces
1765 1878 1989 1916 coecorum3.
2016 1878 2152 1916 Melius
2180 1886 2237 1915 est
2267 1879 2370 1916 enim
2401 1887 2444 1916 ut

1428 1939 1649 1977 scandalum
1678 1939 1844 1986 oriatur,
1867 1953 1982 1989 quam
1998 1939 2138 1976 veritas
2159 1939 2398 1989 relinquatur
2412 1940 2440 1978 ⁴.

1427 2003 1649 2046 Memento,
1680 2000 1746 2049 qui
1775 2008 1886 2036 natus
1917 1999 2032 2036 fuerit
2056 2000 2095 2036 in
2126 1999 2277 2036 ruinam
2312 2008 2351 2036 et
2381 2013 2445 2037 re·-

1430 2060 1933 2097 surrectionemmultorum
1947 2058 1984 2107 ⁵3
2005 2069 2043 2097 et
2064 2073 2143 2097 non
2164 2059 2334 2105 mireris,
2355 2060 2385 2096 si
2403 2068 2443 2098 tu

1430 2133 1585 2169 quoque
1611 2120 1693 2156 aliis
1722 2119 1877 2169 quidem
1909 2120 1958 2156 sis
1988 2119 2086 2156 odor
2110 2119 2199 2156 vitae
2230 2118 2270 2157 in
2297 2119 2414 2156 vitam
2431 2148 2441 2166 ,

1433 2181 1513 2217 aliis
1537 2180 1635 2217 odor
1661 2181 1794 2218 mortis
1823 2181 1863 2217 in
1891 2189 2067 2218 mortem.
2095 2180 2134 2218 Si
2156 2179 2444 2218 maledictiones

1434 2241 1731 2288 intentaverint,
1752 2241 1783 2278 si
1804 2241 2087 2278 anathematum
2111 2240 2335 2278 intorserint
2364 2241 2444 2291 spi·-

1436 2302 1543 2348 cula,
1571 2302 1660 2338 audi
1693 2306 1797 2339 Isaac
1827 2315 1898 2351 pro
1926 2310 1962 2338 te
1990 2301 2288 2351 respondentem
2321 2315 2329 2338 :
2370 2303 2445 2349 Qui

1440 2364 1686 2398 maleclioeerit
1705 2361 1774 2398 tibi
1785 2390 1796 2407 ,
1818 2366 1867 2397 sit
1886 2364 1950 2397 ille
1972 2363 2217 2406 maledictus-5
2233 2369 2269 2397 et
2289 2365 2357 2410 qui
2379 2360 2445 2398 be-

1438 2425 1631 2458 nedict-erit
1658 2421 1745 2467 tibi,
1770 2421 2085 2458 benedictionibus
2111 2423 2300 2470 repleatur
2313 2419 2341 2455 ⁶.
2372 2421 2444 2460 Sed

1436 2491 1473 2519 et
1501 2490 1540 2519 tu
1564 2495 1675 2519 muro
1700 2481 1989 2532 inexpugnabili
2007 2482 2250 2519 conscientiae
2277 2490 2351 2519 tuae
2368 2483 2445 2520 cir·-

1436 2542 1696 2579 cummunitus
1713 2570 1722 2588 ,
1751 2542 1798 2579 de
1832 2542 1935 2579 intus
1963 2542 2154 2593 responde
2171 2571 2180 2589 ,
2209 2551 2247 2579 et
2281 2541 2342 2579 dic
2368 2557 2377 2580 :
2404 2544 2446 2580 Si

1436 2607 1639 2638 consistant
1661 2604 1853 2639 adversum
1880 2616 1940 2638 me
1959 2612 2101 2649 castra,
2128 2616 2202 2639 non
2223 2602 2366 2639 timebit
2385 2616 2449 2639 cor

362 2658 518 2705 chrum,
542 2668 665 2696 totum
696 2669 777 2697 erat
804 2661 965 2697 amabile
991 2662 1097 2711 quod
1125 2661 1342 2699 cernebaris
1360 2677 1368 2699 ε
1387 2667 1419 2700 D
1439 2676 1583 2706 mmmm
1609 2666 1639 2698 si
1664 2672 1842 2712 ems-[ngat
1865 2665 2056 2699 adversum
2085 2676 2144 2699 me
2168 2665 2347 2712 prcelium
2365 2692 2375 2711 ,
2405 2668 2445 2700 in

365 2718 430 2754 sed
454 2731 524 2767 ego
546 2721 673 2756 nescio
694 2720 786 2769 quid
811 2721 912 2757 aliud
933 2721 980 2757 dc
1004 2729 1039 2758 te
1066 2734 1181 2771 supra
1203 2721 1240 2757 id
1263 2721 1368 2771 quod

365 2777 539 2815 videbam
565 2788 628 2816 aut
650 2779 849 2816 audiebam
873 2794 920 2817 ex
942 2789 999 2827 te,
1020 2781 1281 2818 excellentiori
1307 2781 1366 2818 di—

363 2851 478 2885 gnum
496 2832 742 2876 veneratione
758 2854 1042 2889 praesenseram.
1061 2842 1256 2891 Numquid
1275 2842 1371 2878 sorte

365 2898 527 2934 coelestis
556 2899 714 2948 sponsi,
748 2899 856 2948 cujus
888 2914 991 2937 nunc
1025 2901 1164 2938 arctius
1191 2901 1302 2938 castis
1336 2910 1371 2938 te

366 2957 605 3007 amplexibus
635 2959 887 3009 impressisti,
913 2960 992 3009 jam
1021 2969 1111 2997 tune
1137 2974 1270 2997 vocem
1304 2975 1372 2997 au-

367 3017 489 3055 dieras
509 3019 669 3057 dicentis
689 3020 735 3056 ad
758 3020 1040 3070 pudicissimam
1058 3029 1242 3058 turturem
1266 3035 1371 3058 suam

365 3078 530 3115 animam
563 3089 688 3117 tuam:
715 3083 804 3118 Tota
832 3082 991 3130 pulchra
1011 3095 1075 3127 es,
1110 3086 1234 3117 (unica
1264 3096 1372 3126 metm

1435 2724 1502 2758 hoc
1524 2737 1590 2771 ego
1619 2723 1811 2770 sper-almi
1842 2726 1928 2760 Non
1958 2723 2060 2759 enim
2085 2722 2333 2760 confunderis
2359 2737 2446 2760 cum

1437 2783 1488 2820 sic
1509 2782 1676 2832 loqueris
1698 2783 1860 2819 inimicis
1884 2783 1957 2820 tuis
1982 2783 2021 2820 in
2047 2791 2172 2833 porta.
2195 2782 2356 2821 Confido
2383 2797 2447 2821 au-

1439 2851 1513 2879 tem
1536 2843 1573 2879 111
1595 2843 1780 2889 Domino,
1804 2843 1909 2893 quod
1931 2843 1961 2880 si
1981 2842 2027 2880 ad
2052 2843 2199 2893 primos
2218 2842 2315 2879 ictus
2336 2843 2446 2880 forti-

1440 2911 1497 2938 ter
1528 2902 1696 2948 steteris,
1724 2911 1762 2939 et
1790 2916 1860 2940 nec
1891 2903 2003 2940 minis
2025 2915 2160 2940 eorum
2191 2903 2348 2939 cesseris
2378 2916 2447 2940 nec

1439 2962 1726 3008 l.›landimentis,
1753 2963 1827 3000 cito
1856 2972 2032 3001 conteres
2055 2970 2224 3000 satanam
2250 2961 2320 3000 sub
2344 2962 2447 3013 pedi-

1438 3021 1511 3059 bus
1530 3023 1601 3059 tuis
1621 3037 1628 3059 :
1650 3031 1687 3059 et
1710 3031 1798 3060 tunc
1816 3022 2003 3060 videbunt
2023 3022 2116 3060 recti
2137 3030 2174 3058 01
2192 3021 2444 3072 laetabuntur,

1439 3091 1477 3119 et
1496 3082 1618 3119 omnis
1639 3083 1816 3133 iniquitas
1837 3082 2026 3135 oppilabit
2045 3095 2088 3120 os
2107 3095 2232 3120 suum.

416 3186 425 3200 ¹
447 3181 566 3213 Cantic.
589 3194 638 3220 1v,
660 3185 691 3214 7.
707 3201 750 3205 -
770 3188 783 3203 ²
802 3183 896 3215 Eccli.
916 3195 1020 3222 xvm,
1049 3188 1080 3216 6.
1096 3203 1140 3206 ——
1162 3181 1176 3205 3
1199 3183 1314 3215 Manli.
1337 3196 1390 3222 xv,
1418 3186 1468 3216 14.
1488 3203 1532 3207 »ἡ
1555 3184 1568 3210 4
1586 3187 1680 3227 Greg.
1703 3185 1811 3217 homil.
1835 3189 1851 3217 7
1878 3185 1910 3217 in
1932 3184 2103 3217 Ezech.—-
2122 3182 2136 3206 ⁵
2153 3187 2229 3216 Luc.
2253 3195 2297 3222 11,
2325 3186 2380 3216 34.
2403 3202 2447 3207 ——

367 3231 383 3253 (3
397 3235 477 3264 Gen.
500 3245 607 3271 xxvn.
630 3239 684 3267 29.
696 3255 741 3258 —
761 3243 775 3268 7
794 3237 875 3267 Psal.
892 3249 972 3267 xxm
984 3261 991 3275 ,
1008 3241 1039 3269 3.

411 3296 424 3310 ³
442 3293 644 3326 Theohaldus
664 3306 766 3327 comcs
783 3297 972 3338 Campaniae.
995 3296 1077 3327 vide.
1101 3295 1180 3327 infra
1197 3297 1358 3338 epistolam
1378 3299 1417 3328 :17
1437 3303 1465 3328 ct
1480 3304 1655 3339 sequentes.

1674 3316 1716 3320 —
1730 3291 1746 3314 ¹¹
1763 3298 1884 3340 Scripta
1901 3298 1982 3329 circa
2001 3308 2119 3329 annum
2140 3299 2240 3328 1120.

412 3352 425 3367 ⁰
445 3349 479 3377 Iu
501 3348 680 3379 Colhcrtino
703 3351 739 3380 14
753 3353 790 3380 Ι()
804 3356 833 3380 01
848 3350 878 3380 111
893 3349 1150 3392 (Intulit-inlinisi,
1167 3349 1206 3380 ad
1228 3352 1536 3392 Ilugo-Drogonem,
1565 3350 1684 3381 tametsi
1706 3350 1735 3381 in
1759 3356 1905 3381 contextu
1929 3350 2068 3392 epistola:
2091 3350 2220 3392 legatur,
2242 3351 2364 3392 Droga.
2387 3352 2447 3381 No-

368 3411 437 3432 111011
453 3406 497 3432 est
521 3402 726 3444 compositum
750 3414 788 3434 ex
805 3403 957 3435 xocubuto
977 3403 1119 3445 lingonis
1135 3402 1257 3435 abbatis
1271 3403 1514 3436 l’outiuiaccnsis
1525 3428 1532 3442 ,
1552 3406 1601 3436 cui
1616 3404 1845 3447 acceptissimus
1865 3411 1931 3436 erat
1944 3408 2061 3447 Drogo.
2077 3423 2122 3428 —
2136 3403 2151 3425 ²¹
2171 3402 2258 3436 Alias
2271 3427 2279 3441 ,
2301 3402 2397 3448 quod.
