2517 3936
75 124 138 163 713

975 130 1239 166 EPISTOLAE.

2082 145 2152 181 712

75 216 140 250 tes,
161 202 336 253 copulate
362 201 550 241 nubentes
566 233 576 251 ,
601 205 778 242 instruite
810 206 944 251 rudes,
981 205 1126 243 cur-³³⁵
1140 208 1279 256 fingitis
1314 210 1556 248 consultores
1572 239 1581 256 ,
1606 214 1768 261 proditis
1799 214 2039 264 turbatores,
2074 228 2152 257 ter-

77 266 122 317 ·ip
138 271 173 301 te
207 262 492 313 delinquentes,
526 266 857 304 excommunicate
891 267 1121 304 contem-A
1140 268 1420 317 giversatores,
1454 273 1778 320 praevaricatores.
1819 279 1895 311 Aut
1925 286 2059 326 negate
2091 293 2157 329 pa-

75 333 194 363 ientes
215 351 225 368 ,
265 322 450 361 absolvite
492 325 756 376 resipiscentes
772 356 781 373 ,
826 328 1073 365 reconciliate

76 386 287 424 ›oenitentes
308 397 316 418 ε
338 393 374 421 et
392 385 429 422 in
447 385 573 423 medio
596 386 762 437 denique
783 388 951 425 ecclesiae
981 402 1073 439 ape-

75 448 135 485 ·iat
159 459 201 483 os
219 458 328 482 suum
350 446 581 492 monachus,
605 446 714 496 cujus
733 448 902 485 officium
931 457 986 486 est
1012 463 1071 487 se-

37 545 40 551 ,
75 510 150 547 lere
168 514 206 544 et
226 514 363 543 tacere.
387 507 445 543 Sic
466 507 624 544 fortasse
646 508 801 557 dignum
825 522 864 546 se
886 509 1070 559 probabit

75 567 312 608 nereenarius
337 567 512 604 mercede
531 582 610 605 sua.
633 569 816 619 Alioquin
836 569 1067 608 invidiosum

73 627 263 669 idmodum
284 635 362 672 est,
398 628 495 664 velle
532 637 674 666 metere
708 628 774 666 ubi
802 643 881 666 non
904 631 1070 668 semina-

72 689 190 735 :eris;
218 686 284 724 sed
317 695 355 724 et
383 688 561 739 colligere
593 690 697 740 quod
731 690 826 727 alius
858 691 1067 741 sparserit,

72 750 172 790 niam
196 747 438 798 injuriosum.

112 811 148 850 3.
176 812 267 847 Esto
288 817 413 846 tamen
436 810 577 847 :liceat
610 819 647 848 et
679 811 752 848 hoc
786 825 831 849 ex
861 813 964 851 dono
988 814 1071 864 epi-

71 870 184 923 mopi,
203 882 272 907 nec
290 869 366 906 ulla
381 868 461 919 jam
482 879 683 921 reputetur
699 871 840 922 injuria
853 903 862 920 ,
893 888 980 911 cum
1012 888 1072 911 ca-

71 931 195 970 ionica
212 938 366 968 excusat
395 931 633 970 investitura.
670 936 858 972 Caeterum
880 935 928 973 de
956 944 1070 986 pacto

1143 337 1246 365 ctum
1263 359 1271 375 ,
1292 339 1357 367 aut
1374 331 1544 381 implete.
1569 333 1669 380 Quid
1690 334 1819 370 enim?
1840 348 1886 371 an
1912 349 1989 372 non
2011 341 2155 387 negatis

1140 389 1296 439 quidem
1328 392 1625 429 conventionem
1641 423 1650 440 ,
1681 394 1747 430 sed
1767 396 1975 432 causamini
1993 398 2156 436 circum-

1138 452 1358 488 ventionem
1376 481 1385 498 ,
1414 453 1645 503 culpamque
1675 455 1824 492 refertis
1843 456 1880 492 in
1903 456 2126 507 episcopum
2145 489 2154 505 ‚

1138 512 1245 561 quasi
1282 524 1361 548 non
1398 513 1516 562 egerit
1554 514 1778 565 simpliciter
1816 515 2015 554 vobiscum
2037 534 2046 564 3
2089 519 2154 556 sed

1138 585 1225 608 cum
1246 581 1328 609 astu
1353 581 1391 610 et
1422 573 1512 611 dolo
1542 588 1610 611 vos
1638 576 1805 626 ceperit,
1837 586 1873 614 et
1894 577 2089 616 induxerit
2116 580 2154 616 in

1138 632 1311 669 eamdem
1329 663 1338 679 ,
1355 632 1464 683 cujus
1487 648 1555 672 vos
1572 635 1688 672 modo
1709 637 1893 687 poenitet,
1914 639 2158 688 pactionem?

1137 694 1275 732 Dicere
1304 695 1463 745 potestis
1496 711 1503 733 z
1535 696 1601 734 scd
1633 697 1772 734 mirum
1807 699 1868 735 cui
1898 699 2156 749 persuadere,

1138 755 1279 792 mirum
1309 757 1338 793 si
1371 770 1440 794 vos
1475 758 1535 794 vel
1562 758 1612 795 ita
1647 759 1846 809 suspicari.
1878 763 2157 810 Nequaquam,

1137 815 1352 866 inquiunt,
1381 817 1448 854 sed
1482 831 1562 855 non
1596 818 1710 856 debet
1742 828 1842 857 stare
1874 820 1980 870 quod
2014 820 2157 871 absque

1139 885 1272 914 nostro
1297 878 1458 916 consilio
1480 879 1619 917 factum
1638 889 1719 927 est,
1737 880 1809 918 lioc
1827 890 1885 918 est
1902 882 1984 919 sinc
2000 896 2156 920 assensn

1139 937 1256 974 totius
1274 938 1443 988 capituli.
1466 939 1593 988 Quid?
1610 940 1715 990 quod
1735 939 1852 978 abbas
1876 943 2050 980 statuerit
2068 957 2153 980 cum

70 1000 187 1031 restro
203 990 295 1042 quid
313 990 462 1029 facitis?
495 993 690 1043 Siquidem
713 996 914 1033 Canonicis
946 997 1066 1034 recla—
1086 997 1114 1032 B
1134 997 1294 1035 consilio
1328 999 1524 1036 seniorum
1544 1029 1552 1045 ,
1588 1009 1687 1037 stare
1731 1014 1808 1038 non
1839 1001 1979 1050 debet,
2011 1004 2040 1040 si
2073 1018 2152 1041 nou

70 1052 249 1093 mantibus
268 1061 305 1090 et
323 1053 569 1092 causantibus
601 1055 648 1092 de
682 1055 845 1107 injuria,
881 1058 1068 1107 placuisse

69 1114 209 1154 taudem
228 1112 356 1161 vobis,
377 1115 448 1151 nisi
466 1115 653 1165 fallimur,
674 1131 753 1155 non
775 1118 962 1169 negabitis
982 1133 1068 1157 cau-

68 1189 138 1215 sam
163 1183 326 1213 vestram
358 1175 455 1226 poni
489 1176 528 1214 in
564 1191 680 1216 manu
714 1180 958 1217 Carnotensis
985 1180 1068 1231 epi—

68 1235 186 1288 scopi,
218 1235 328 1273 simul
359 1243 396 1273 et
419 1237 577 1275 Comitis
610 1242 681 1276 T³.
706 1248 748 1276 ut
768 1240 957 1290 quidquid
985 1242 1069 1292 pari

67 1298 252 1348 utriusque
271 1308 460 1333 consensu
490 1310 563 1347 pro
595 1298 661 1336 lite
695 1298 912 1337 dirimenda
932 1300 1070 1338 defini-

67 1354 184 1406 reu'lr,
212 1365 374 1407 utraque
407 1370 498 1408 pars
527 1358 840 1410 irrefragabiliter
873 1362 1065 1398 teneretis.

67 1419 208 1472 Optime
227 1419 365 1470 plane,
402 1427 440 1455 et
472 1420 766 1459 consultissime.
788 1422 897 1459 Tales
923 1423 1068 1474 quippe

66 1480 165 1520 electi
190 1488 279 1518 sunt
311 1479 561 1528 mediatores,
592 1481 639 1519 de
672 1495 839 1532 quorum
872 1486 961 1521 satis
988 1498 1067 1522 non

61 1535 177 1582 'solum
217 1539 379 1592 probata
412 1542 616 1592 aequitate,
645 1543 711 1580 sed
747 1552 785 1580 et
817 1545 992 1594 privata,
1026 1553 1068 1582 ut

65 1604 154 1642 bene
185 1601 390 1648 novimus,
418 1601 676 1640 familiaritate
710 1604 915 1642 confiditis.
954 1605 1066 1654 Quod

65 1665 171 1717 igitur
191 1663 263 1700 viri
281 1662 376 1700 boni
391 1691 400 1709 ,
425 1671 463 1700 et
479 1663 553 1714 ipsi
577 1664 688 1701 amici
712 1665 830 1702 vestri
861 1679 977 1716 super
1004 1679 1067 1703 re-

65 1723 255 1763 soi-manda
273 1736 368 1774 pace
387 1723 650 1771 concorditer,
675 1737 746 1761 nec
778 1723 937 1761 dubium
971 1725 1065 1775 quin

1135 1072 1269 1096 omnes
1303 1061 1603 1098 consenseritis?
1637 1066 1746 1100 Itane
1777 1063 1816 1100 in
1848 1064 1994 1114 Regula
2024 1073 2151 1103 vestra

1135 1120 1375 1157 manifestam
1403 1134 1519 1172 super
1545 1122 1618 1160 hoc
1641 1125 1870 1162 sententiam
1900 1133 2063 1162 autnon
2095 1135 2153 1163 at-

1135 1179 1290 1217 tenditis
1315 1210 1325 1227 ,
1365 1190 1429 1218 aut
1462 1184 1741 1221 contemnitis?
1781 1185 1938 1223 Mandat
1963 1186 2149 1236 siquidem

1136 1259 1150 1274 «
1175 1250 1217 1278 ut
1238 1242 1372 1279 fratres
1394 1242 1440 1279 ad
1464 1244 1666 1281 consilium
1688 1247 1813 1284 vocati
1830 1276 1840 1294 ,
1861 1248 2001 1297 singuli
2022 1248 2075 1285 sic
2097 1262 2152 1285 re-

1136 1302 1388 1353 »spondeant
1414 1304 1519 1354 quod
1546 1306 1760 1353 senserint,
1795 1316 1983 1357 quatenus
2018 1308 2152 1346 defen-

1138 1381 1151 1394 υ
1173 1361 1264 1399 dere
1286 1375 1364 1399 non
1386 1373 1623 1413 praesumant
1645 1365 1749 1415 quod
1772 1368 2042 1418 responderint
2061 1382 2068 1404 ε
2087 1370 2152 1406 sed

1137 1439 1152 1455 »
1173 1421 1314 1469 abbas,
1339 1423 1479 1461 auditis
1513 1424 1750 1475 singulorum
1781 1429 1977 1466 sententiis
1993 1458 2002 1475 ,
2038 1443 2151 1480 quam

1136 1502 1149 1516 »
1170 1483 1412 1533 potissimum
1434 1485 1516 1534 ipse
1537 1486 1713 1536 elegerit,
1744 1488 1776 1524 ei
1799 1502 1932 1526 omncs
1952 1490 2032 1526 sinc
2061 1504 2154 1528 con—

1137 1561 1150 1575 »
1174 1543 1402 1581 tradictione
1433 1546 1680 1596 acquiescant
1701 1554 1726 1585 ².
1749 1567 1762 1581 »
1802 1550 1838 1586 Si
1870 1563 1961 1600 ergo
1994 1551 2033 1587 in
2065 1553 2153 1601 qui-

1134 1603 1373 1655 buscumque
1408 1606 1657 1657 disponendis
1689 1611 1914 1660 praeeminet
1945 1614 2152 1650 auctoritas

1134 1663 1310 1712 abbatis,
1338 1667 1486 1716 Regula
1520 1668 1611 1704 item
1644 1670 1918 1719 praescribente
1941 1701 1950 1717 ,
1987 1674 2074 1722 quia
2109 1675 2149 1711 iu

1133 1724 1282 1762 abbatis
1302 1725 1462 1763 arbitrio
1484 1728 1628 1778 pendet
1650 1730 1774 1767 omnis
1803 1731 1994 1769 ordinatio
2017 1747 2151 1771 mona--

64 1794 99 1824 et
114 1784 272 1825 fideliter
300 1784 541 1831 definierint,
564 1798 684 1834 quare
710 1798 781 1822 vos
796 1784 909 1835 juxta
932 1785 1067 1823 condi·
1087 1784 1114 1820 C
1135 1785 1264 1833 sterii3
1292 1794 1398 1836 patet
1418 1787 1524 1838 quod
1549 1788 1816 1829 inobedientes
1839 1806 1905 1830 vos
1927 1807 1969 1830 ac
1990 1794 2150 1833 rebelles

64 1855 159 1886 cmm
174 1845 278 1897 quod
298 1854 546 1897 praecesserat
565 1859 641 1883 non
659 1846 795 1883 tenetis
810 1848 826 1883 1>
845 1850 904 1883 An
922 1846 1066 1884 idcirco

64 1920 136 1946 non
154 1906 316 1944 fideliter
337 1905 458 1956 egisse
474 1914 681 1956 putantur,
705 1906 797 1956 quia
821 1906 976 1944 videtur
996 1920 1066 1944 nec

59 1976 163 2021 'aequa
179 1967 448 2014 commutatio,
474 1975 643 2017 quaestus
663 1967 797 2017 utique
830 1967 985 2018 majoris
1019 1968 1066 2005 ad

58 2027 272 2079 minorem?
301 2029 361 2066 Sic
386 2041 545 2079 prorsus
578 2027 732 2065 videtur
753 2042 760 2063 :
783 2029 850 2065 sed
880 2029 1067 2079 quaerenti

58 2103 141 2148 quae
157 2103 224 2129 sua
241 2098 330 2128 sunt
348 2119 358 2137 ,
400 2089 467 2126 sed
491 2089 525 2126 ei
546 2089 612 2140 qui
630 2090 752 2140 pluris
771 2090 932 2127 aestimat
953 2104 1062 2127 num-

63 2164 140 2191 mos
155 2164 268 2202 quam
289 2150 447 2196 amicos,
473 2149 678 2200 pecuniam
709 2163 825 2200 quam
848 2149 1036 2199 justitiam
1054 2180 1064 2198 ,

43 2225 103 2263 -ae
117 2219 303 2250 terrenam
324 2210 605 2262 possessionem
624 2224 740 2260 super
769 2211 977 2248 fraternam
1007 2211 1067 2248 di-

57 2266 266 2310 lectionem.
298 2271 337 2310 Si
367 2270 414 2308 de
436 2270 583 2308 mundo
616 2271 801 2318 fuissetis,
834 2280 871 2308 et
898 2271 1066 2310 mundus

61 2333 159 2385 quod
189 2347 300 2371 suum
333 2341 415 2370 erat
437 2332 613 2382 diligeret
631 2346 641 2378 3
676 2340 752 2369 tam
789 2346 868 2370 non
902 2333 1064 2380 mirum,

61 2407 168 2445 quam
188 2408 258 2432 nec
279 2394 477 2431 insolitum
501 2393 701 2431 videretur
721 2409 730 2431 ι
752 2407 857 2431 nunc
877 2407 970 2432 vero
997 2395 1066 2432 filii

60 2456 150 2494 lucis
173 2464 211 2494 et
229 2455 333 2507 pacis
348 2485 358 2502 ‚
384 2455 460 2492 luci
488 2453 666 2492 tenebras
681 2484 691 2502 ,
716 2455 802 2505 paci
834 2468 894 2492 res
926 2456 1067 2506 praefe-

61 2523 147 2554 runt
164 2515 403 2567 temporales.
430 2514 539 2552 Tales
556 2514 731 2564 profecto
762 2514 938 2565 deplorat
970 2529 1062 2566 pro-

1135 1858 1215 1883 esse
1236 1846 1430 1897 probatis,
1457 1849 1524 1899 qui
1544 1859 1696 1900 pactum
1728 1853 1833 1902 quod
1860 1853 1976 1892 abbas
2007 1855 2150 1893 forma-

1134 1907 1214 1953 vit,
1246 1916 1381 1945 contra
1403 1908 1484 1959 ejus
1504 1911 1742 1949 voluntatem
1774 1913 2002 1952 labefactare
2032 1930 2150 1953 eona-

1136 1967 1240 2005 mini.
1264 1968 1345 2006 Nisi
1365 1969 1462 2007 forte
1479 1979 1516 2008 et
1536 1971 1675 2022 ipsein
1697 1973 1814 2011 corde
1835 1983 1873 2012 et
1898 1976 2014 2014 corde
2043 1978 2151 2015 locu—

1135 2036 1194 2067 tus
1213 2038 1269 2067 est
1286 2059 1295 2076 ,
1317 2039 1359 2067 ut
1379 2032 1483 2081 quod
1505 2033 1631 2083 palam
1652 2047 1723 2084 per
1740 2048 1779 2072 se
1799 2036 2000 2074 aedificavit
2016 2068 2026 2085 ,
2055 2039 2152 2076 clam

1133 2104 1204 2141 per
1235 2104 1324 2128 suos
1360 2091 1553 2140 destruat3
1589 2102 1625 2131 et
1657 2095 1709 2132 sie
1740 2098 2076 2145 praevaricatorem
2114 2113 2152 2136 se

1133 2165 1289 2202 quoque
1312 2153 1530 2190 constituat.
1550 2154 1665 2202 Quod
1684 2155 1841 2205 quidem
1869 2156 1966 2194 absit
1998 2167 2041 2195 ut
2070 2173 2152 2197 cre—

1134 2211 1268 2250 damus
1288 2226 1295 2248 :
1314 2226 1403 2250 nam
1425 2213 1472 2251 de
1493 2214 1641 2265 optimo
1666 2215 1751 2253 viro
1780 2216 1819 2253 id
1850 2226 1998 2256 tantum
2028 2221 2153 2271 suspi-

1134 2273 1239 2320 cari,
1270 2273 1479 2324 pessimum
1501 2282 1567 2311 est.
1598 2278 1684 2312 Non
1716 2289 1786 2314 nos
1806 2290 1897 2315 sane
1928 2279 2021 2316 latet
2051 2293 2152 2318 scru-

1133 2335 1248 2385 pulus
1283 2335 1565 2373 nonnullorum
1585 2365 1596 2383 ,
1635 2337 1700 2387 qui
1747 2338 1950 2389 plusquam
2000 2350 2155 2392 oportet

1129 2393 1243 2444 justi,
1273 2395 1418 2433 nodum
1439 2396 1477 2433 in
1511 2397 1637 2447 scirpo
1667 2399 1918 2448 quaerebant,
1949 2401 2041 2438 duni
2069 2402 2152 2439 abs-

1133 2468 1209 2506 que
1240 2455 1404 2493 simonia
1434 2456 1652 2494 istiusmodi
1695 2460 2016 2498 commutationes
2052 2462 2153 2500 inter

1134 2517 1310 2554 ecclesias
1331 2530 1444 2567 posse
1468 2518 1551 2554 fieri
1577 2531 1656 2555 non
1682 2527 1874 2569 putarent.
1907 2521 1979 2559 Sed
1999 2522 2045 2559 de
2062 2523 2148 2569 hoc,

61 2575 203 2627 pbetica
228 2575 450 2613 lamentatio
473 2588 481 2610 :
503 2577 555 2611 Et
575 2580 666 2624 qni,
691 2575 892 2625 inquiens,
922 2581 1065 2612 nntrie-
1084 2578 1117 2612 D
1132 2585 1175 2614 ut
1205 2577 1438 2615 arbitramur
1456 2606 1466 2623 ,
1495 2577 1607 2615 vobis
1639 2579 1771 2629 utique
1804 2581 1991 2619 curiosius
2020 2584 2151 2621 scisci-

62 2634 193 2672 bamur
206 2639 245 2671 in
262 2639 401 2671 croceis
415 2663 428 2680 ,
460 2637 674 2684 amplexati
692 2644 778 2671 sunt
795 2644 962 2672 stercora
981 2644 1004 2673 ¹.

109 2695 145 2734 4.
173 2697 327 2743 Merito,
363 2695 489 2741 aiunt,
525 2696 708 2732 nolumus
740 2704 870 2733 tenere
901 2710 1066 2734 concor-

62 2755 180 2804 diam,
199 2757 238 2794 in
261 2770 335 2807 qua
358 2770 449 2807 pars
483 2764 613 2793 nostra
631 2757 781 2806 gravari
809 2759 1066 2807 cognoscitur.

61 2817 179 2867 Quid,
200 2819 231 2856 si
250 2831 338 2869 pars
371 2818 489 2855 altera
515 2817 664 2867 gravari
699 2817 928 2854 videretur?
960 2823 1068 2856 Tunc

62 2891 234 2929 prorsus,
253 2886 344 2915 tunc
364 2891 473 2928 aequa
504 2886 541 2914 et
556 2877 661 2927 justa
681 2878 889 2915 concordia
917 2878 1069 2928 judica-

54 2945 174 2976 retur.
197 2942 470 2977 Verumtamen
502 2937 577 2974 hoe
608 2946 696 2975 ante
726 2947 880 2988 pactum
914 2948 1068 2977 cautum

63 3011 140 3036 esse
161 2998 302 3036 debuit.
325 2997 401 3037 Ubi
430 2998 533 3036 enim
562 3012 640 3036 non
663 3007 720 3036 est
748 2999 808 3036 lex
827 3029 836 3046 ,
870 3013 940 3037 nec
966 3014 1070 3051 prae-

54 3059 249 3097 'varicatia
272 3063 382 3097 'Nunc
407 3068 532 3096 autem
566 3060 628 3096 lex
659 3060 761 3110 pacti
782 3059 862 3110 jam
895 3074 1070 3099 commo-

65 3118 151 3156 dum
170 3132 247 3157 non
277 3119 516 3167 considerat,
549 3119 614 3156 sed
646 3119 880 3157 condictum.
903 3121 1003 3169 Quid
1022 3122 1069 3159 ad

66 3178 142 3217 haec
171 3179 314 3226 dicitis,
345 3181 410 3230 qui
444 3180 734 3218 contradicitis?
775 3181 841 3230 qui
876 3181 967 3218 dum
1000 3196 1070 3220 vos

113 3307 123 3323 ¹
142 3302 259 3334 Thren.
281 3314 326 3340 iv,
357 3308 385 3334 ξ).
400 3322 441 3326 -—
458 3310 470 3326 ²
487 3307 564 3345 neg.
588 3306 619 3336 S.
635 3304 815 3336 Benedicti.
846 3316 913 3347 cap,
939 3310 968 3337 51⁵.

1136 2638 1305 2676 tantibus
1322 2668 1332 2686 ,
1351 2639 1629 2676 catholicorum
1658 2649 1696 2677 et
1715 2641 1955 2679 eruditorum
1978 2643 2150 2682 virorum

1135 2699 1454 2750 responsionibus
1481 2700 1713 2738 satisfactum
1742 2710 1798 2739 est
1818 2715 1825 2737 :
1844 2711 1909 2739 aut
1931 2703 1960 2739 si
1979 2717 2056 2753 quo
2084 2706 2154 2742 mi—

1135 2774 1233 2808 nus3
1263 2761 1300 2797 in
1336 2770 1522 2811 promptu
1548 2770 1605 2799 est
1627 2762 1739 2799 etiam
1773 2776 1876 2800 nunc
1909 2777 1954 2800 ex
1985 2766 2155 2802 auctori—

1136 2830 1212 2859 tate
1231 2835 1425 2859 canonum
1454 2822 1645 2860 affirmare
1661 2852 1670 2869 ,
1691 2823 1796 2873 quod
1816 2824 1868 2861 fas
1890 2825 1936 2861 sit
1963 2825 2009 2862 de
2040 2825 2154 2864 relius

1136 2882 1399 2920 ecclesiasticis
1429 2882 1512 2919 fieri
1542 2884 1866 2932 permutationes,
1887 2894 2005 2934 prout
2030 2887 2154 2924 eecle-

1138 2943 1202 2980 siis
1236 2941 1434 2980 videbitur
1468 2944 1663 2994 expedire.
1706 2948 1797 2982 Haec
1829 2946 2012 2983 adversus
2044 2947 2156 2995 illos,

1137 3004 1204 3053 qui
1234 3017 1273 3041 se
1305 3003 1351 3041 de
1380 3004 1438 3041 his
1462 3018 1627 3054 quorum
1657 3020 1725 3043 sua
1748 3007 1840 3043 nihil
1866 3007 2026 3044 interest
2056 3022 2155 3058 prae—

1138 3065 1402 3115 sumptuosius
1418 3065 1720 3103 intromittentes
1732 3096 1740 3112 ,
1756 3081 1908 3118 semper
1924 3069 2047 3118 parati
2065 3080 2154 3107 sunt

1137 3126 1330 3162 concitare
1352 3124 1533 3174 injuriam
1553 3127 1657 3173 aliis,
1690 3128 1872 3165 invidiam
1912 3128 1999 3165 suis.
2036 3130 2153 3167 Vobis

1136 3194 1283 3233 autem,
1316 3195 1450 3236 pater,
1483 3188 1718 3225 consulimus
1746 3190 1800 3225 uti
1833 3188 1990 3226 consilio
2018 3191 2152 3226 melio-

1613 3315 1623 3328 s'
1644 3311 1829 3343 'tlicolialdi
