2565 3952
125 183 198 220 373

121 383 305 430 Ecclesia,
335 385 401 421 sed
422 385 527 424 dolet
556 398 593 426 et
610 404 683 441 pro
710 406 760 430 se.
792 396 1004 436 Commune
1025 398 1134 437 dam-

121 457 235 490 num,
263 447 478 484 communis
504 448 693 489 desolatio
722 463 804 491 est:
830 470 979 495 mecum
1008 462 1133 499 omnis

119 506 250 555 religio
270 507 420 557 plorat,
445 518 646 559 paternam
667 517 812 564 pariter
834 518 1017 569 implorat
1038 536 1133 559 con—

118 566 358 604 solationem.
393 570 431 607 Si
462 571 704 612 Theobaldus
735 579 916 616 Notcrius
943 581 960 597 *
994 582 1131 622 adierit

117 640 205 673 vos,
228 629 367 665 sentiat
386 630 425 667 in
443 645 500 679 se,
521 635 704 683 quoniam
723 640 921 678 exaudivit
942 644 1132 682 Dominus

115 701 248 725 vocem
287 689 398 728 fletus
437 694 523 730 mei.
561 699 728 746 Nepotes
765 700 884 750 ipsius
918 713 1093 743 auctores
1115 713 1130 729 ³

116 749 292 787 exstitere
309 751 480 800 sceleris,
498 754 579 804 ipse
597 770 710 795 causa
727 774 734 795 :
754 769 883 799 utrum
900 773 940 800 et
954 764 1129 815 dictator,

114 809 152 846 in
178 811 389 860 quaestione
414 822 482 851 est.
502 819 588 853 §on
607 820 811 858 attendatis
828 823 875 860 ad
890 825 1007 863 verba
1024 827 1127 877 ejus,

115 870 236 908 donec
280 874 407 911 veniat
447 877 513 926 qui
549 880 759 919 mittendus
799 893 855 921 est
875 901 884 933 3
926 889 992 936 qui
1020 889 1130 927 vobis

111 931 262 981 plenius
294 935 493 974 insinuans
527 940 728 979 veritatem
747 973 756 991 ,
787 955 941 984 cautum
973 949 1084 987 saciat
1110 966 1131 988 a

111 991 218 1030 labiis
234 993 375 1045 iniquis
390 1006 428 1035 et
448 1012 468 1035 a
486 999 616 1051 lingua
641 1002 787 1042 dolosa.

1043 201 1306 242 EPISTOLAE.

124 271 160 300 te
187 262 327 299 vivere.
358 267 522 315 Propter
556 267 628 305 hoc
659 270 798 308 defecit
824 273 862 310 in
894 274 1030 314 dolore
1060 278 1180 315 vita'G

123 336 224 370 mea,
254 331 291 359 et
315 325 404 361 anni
431 327 504 364 mei
528 327 566 364 in
590 331 805 379 gemitibus.
825 336 1015 374 Condolet
1041 339 1134 377 mihi
1156 340 1183 373 A

2140 238 2214 275 374

1185 279 1433 324 ⁰reliancnsis
1467 290 1640 330 invaluit.
1678 299 1771 334 Nam
1808 313 1914 348 ecce,
1955 308 2052 355 proh
2083 310 2215 350 dolor!

1199 340 1311 390 Juxta
1333 349 1584 399 proplietam,
1612 356 1774 405 Sanguis
1800 369 2022 411 sanguinem
2053 378 2175 419 tangil
2193 382 2217 418 ¹,

1202 411 1238 438 et
1259 404 1370 443 simul
1395 407 1520 457 juncti
1544 414 1678 454 fortius
1700 419 1865 459 clamant
1883 424 1929 460 ad
1951 439 2019 463 vos
2037 429 2082 466 de
2100 435 2218 470 Fran-

1201 463 1269 500 cia.
1307 467 1470 518 Clamat,
1504 473 1680 525 inquam,
1719 489 1756 516 et
1792 484 2024 524 vociferatur
2057 499 2218 542 uterque

1200 528 1352 576 sanguis
1383 531 1551 571 clamore
1585 544 1660 573 tam
1694 541 1842 588 valido,
1869 553 1911 581 ut
1942 548 2066 585 valeat
2093 550 2217 601 ipsum

1199 599 1354 638 quoque
1388 594 1573 641 palatium
1603 600 1756 638 coeleste
1782 615 2008 654 concutere3
2032 618 2104 647 tam
2128 613 2216 662 pio,

1199 656 1242 684 ut
1263 658 1300 686 et
1320 664 1432 690 saxea
1452 665 1610 705 pectora
1631 660 1768 699 debeat
1789 667 1974 705 emollire.
1992 671 2093 718 Quid
2115 673 2218 720 sacis,

1199 710 1321 748 amice
1355 717 1505 764 sponsi,
1549 729 1677 758 custos
1709 736 1861 774 sponsae
1900 729 2055 777 Christi,
2091 743 2223 783 pastor

1200 771 1330 809 ovium
1353 775 1518 814 Christi?
1546 783 1711 820 Putasne
1735 787 1898 825 sufficies
1921 792 2138 840 excogitare
2160 808 2222 831 rc-

1199 833 1387 883 mcdium‚
1411 840 1516 887 quod
1538 841 1627 879 huic
1647 843 1778 883 obviet
1800 850 1895 898 pesti
1921 859 1995 888 tam
2021 854 2195 891 nefandae
2210 884 2220 899 ‚

1200 901 1274 930 tam
1306 895 1512 937 inauditae?
1547 902 1590 939 Id
1627 918 1716 943 sane
1752 921 1906 947 necesse
1939 921 1995 949 est
2028 914 2219 961 inveniri,

1198 955 1305 1003 quod
1319 966 1356 994 et
1372 962 1515 998 recenti
1532 966 1708 1004 Ecclesiae
1723 969 1873 1007 vulneri
1890 972 2220 1023 inpraesentiarum

1199 1016 1386 1056 medelam
1402 1022 1554 1071 afferat,
1577 1035 1614 1063 et
1634 1031 1799 1077 posteris
1814 1034 1938 1070 valeat
1953 1035 2000 1072 ad
2018 1038 2218 1077 cautelam.

1151 1082 1178 1117 Β
1200 1078 1301 1126 Ergo
1323 1081 1521 1132 accingere
1553 1087 1680 1136 gladio
1711 1099 1777 1128 tuo
1801 1106 1918 1144 super
1939 1097 2064 1134 femur
2085 1108 2192 1137 tuum
2209 1131 2219 1148 ,

264 1208 651 1270 EPISTOLA
726 1213 930 1276 CLX.¹'

105 1347 151 1370 Al)
170 1349 414 1376 HAIMERICUM
433 1354 721 1382 CANCELLARIUM
734 1376 744 1393 9
768 1362 809 1384 IN
829 1363 994 1387 PERSONA
1018 1367 1125 1390 EJL‘S-

460 1415 538 1438 DEM
569 1417 750 1444 EPISCOPI.

493 1518 583 1546 Unde
611 1529 710 1554 supra.

101 1615 268 1654 Domino
288 1621 512 1659 Hannzmco
530 1623 755 1664 charissimo
769 1657 778 1674 ‚
802 1631 1014 1670 venerabili
1032 1647 1121 1672 san—

153 1684 222 1713 ctae
250 1681 436 1719 Romanae
463 1685 642 1723 Ecclesiae
672 1687 837 1727 diacono
866 1692 1051 1732 cardinali
1082 1705 1120 1734 et

151 1739 396 1789 cancellario,
412 1756 504 1781 suus
517 1747 733 1797 Stephanus
750 1751 995 1800 Parisiensis,
1013 1757 1117 1807 quod

153 1798 311 1839 domino
328 1811 366 1840 et
385 1805 521 1844 amico.

150 1918 305 1957 Amicus
321 1920 362 1958 in
390 1926 614 1964 necessitate
642 1929 847 1978 probatur.
868 1934 983 1983 Quod
1005 1935 1113 1985 dico,

96 1989 173 2014 non
198 1983 288 2030 quia
310 1981 356 2020 de
385 1987 584 2026 sanctitate
605 1989 820 2031 dilectionis
842 2004 976 2033 vestrae
998 1996 1113 2035 dubi-

96 2045 169 2076 tem
188 2070 198 2087 ,
228 2042 295 2079 sed
323 2058 372 2082 ne
399 2048 599 2100 contingat
626 2061 668 2089 ut
689 2053 874 2093 dubitem.
906 2061 1112 2112 Continget

70 2109 218 2148 *autem
247 2108 384 2155 procul
407 2109 545 2157 dubio,
580 2113 610 2150 si
642 2116 767 2153 zelum
799 2118 907 2156 illum
939 2130 1110 2160 vestrum

71 2162 208 2201 .modo
252 2165 384 2217 (quod
423 2170 548 2223 absit)
585 2173 824 2215 dissimulare
869 2194 1109 2232 comperero.

91 2223 210 2262 Porro
239 2226 552 2270 dissimulationis
573 2234 613 2271 id
633 2236 726 2273 mihi
747 2250 1017 2288 argumentum
1048 2244 1111 2281 in-

92 2285 305 2326 excusabile
324 2290 406 2328 fore
426 2294 631 2343 noveritis,
653 2297 681 2333 si
703 2298 968 2339 Theobaldum
990 2307 1110 2342 Note-

90 2342 186 2382 rium
230 2361 311 2386 non
346 2352 519 2403 recipere
556 2369 630 2406 pro
674 2360 820 2397 meritis
862 2376 1107 2415 quacumque

91 2406 288 2446 occasione
308 2413 530 2463 contigerit,
549 2417 615 2467 qui
636 2417 837 2458 dimidium
859 2425 996 2462 animae
1011 2440 1105 2464 meae

88 2476 270 2516 nepotum
307 2485 465 2512 suorum
500 2478 678 2517 manibus
712 2483 858 2521 crudeli
893 2486 1104 2526 ambitione

87 2529 276 2579 praecidit,
298 2534 369 2571 soli
391 2538 577 2577 cruciatui
597 2550 707 2590 parte
727 2544 874 2595 reliqua
896 2559 1101 2588 reservata.

88 2654 542 2677 uwwvnnnmmnnuxwvsmwxxu===m
548 2670 847 2684 ιιγιιιιιι-ηιιιιιιιικ
854 2676 952 2686 ιιιιῑιι
960 2678 998 2687 ι-ιι

263 2764 648 2828 EPISTOLA
709 2775 934 2833 CLXI.e

227 2907 274 2930 AD
303 2910 488 2936 DOMINUM
519 2916 635 2939 PAPAM
666 2918 945 2946 INNOCENTIL‘M.

126 3008 284 3043 Adversus
315 3022 457 3049 auctores
495 3019 588 3052 caedis
621 3022 848 3057 Archembaldi
879 3027 1052 3061 subdecani

463 3075 711 3109 Aurelianensis,

131 3174 212 3211 Vox
230 3180 424 3228 sanguinis
443 3185 716 3224 Archembaldi
736 3191 754 3207 *
784 3189 993 3229 subdecani
1014 3199 1096 3232 Au-

128 3313 137 3327 ¹
159 3311 238 3343 Osee
260 3325 306 3353 1v‚
332 3320 362 3347 2.

123 3365 136 3383 ⁶
154 3364 271 3408 Scripta
289 3379 371 3400 anuo
391 3371 506 3405 Christi
529 3378 537 3405 1
555 3379 629 3407 133.
650 3397 692 3400 —
711 3379 727 3399 d
741 3381 861 3424 Scripta
881 3386 992 3419 eodem
1012 3400 1106 3419 anuo.

1198 1140 1475 1186 potentissime..
1497 1146 1533 1184 Si
1556 1161 1633 1186 non
1656 1153 1802 1189 steterit
1823 1163 1859 1191 et
1880 1169 1984 1193 nunc
2004 1159 2166 1198 Phinecs
2183 1171 2221 1198 et

1196 1198 1423 1249 placaverit,
1445 1219 1522 1242 non
1545 1210 1707 1248 cessabit
1728 1217 1933 1262 quassatio.
1958 1219 2014 1264 Si,
2036 1220 2192 1270 inquam
2207 1252 2217 1267 ,

1196 1258 1305 1308 vigor
1333 1264 1610 1306 ecclesiasticus
1638 1276 1856 1322 pepercerit
1877 1277 1977 1324 istis,
1999 1282 2139 1318 Joanni
2160 1282 2219 1319 di—

1195 1332 1259 1366 00,
1297 1331 1334 1358 et
1366 1325 1588 1366 Theobaldo
1622 1335 1801 1381 Noterio,
1837 1350 2003 1386 quorum
2036 1342 2106 1377 etsi
2138 1356 2217 1380 non

1193 1393 1329 1429 manu,
1352 1397 1506 1425 assensu
1536 1400 1658 1439 certe,
1679 1394 1777 1432 forte
1799 1406 1836 1433 et
1860 1399 2044 1437 instinctu
2066 1405 2218 1453 sanguis

1192 1439 1375 1482 innoxius
1408 1448 1552 1487 effusus
1586 1461 1643 1490 est
1672 1468 1789 1506 super
1821 1466 1985 1507 terram,
2023 1463 2107 1512 quis
2138 1478 2215 1502 non

1192 1503 1321 1542 videat
1341 1508 1433 1557 quid
1456 1517 1665 1561 sequatur?
1685 1520 1858 1565 Quantos
1879 1521 1917 1557 in
1947 1523 2049 1559 clero
2076 1524 2215 1563 horum

1191 1563 1401 1615 impunitas
1423 1581 1557 1610 contra
1583 1573 1646 1624 jus
1677 1586 1714 1614 et
1743 1579 1797 1615 fas
1820 1581 1931 1618 faciet
1963 1587 2212 1633 promoveri,

1190 1634 1295 1663 metu
1317 1630 1450 1680 utique
1471 1646 1628 1673 suorum
1642 1627 1658 1684 ,'
1674 1653 1750 1676 non
1774 1655 1851 1678 suae
1873 1645 2010 1681 merito
2032 1649 2214 1685 sanctita—

1190 1686 1262 1723 tis?
1279 1691 1396 1727 Novis
1418 1694 1562 1733 morbis
1583 1699 1694 1736 novis
1718 1700 1953 1741 obviandum
1972 1714 2027 1742 cst
2048 1708 2212 1746 medica-

1187 1752 1339 1789 mentis.
1361 1756 1591 1808 Utilissime,
1624 1771 1666 1800 ut
1697 1766 1826 1802 multis
1846 1767 2013 1815 videtur,
2040 1769 2209 1818 justissi—

1186 1824 1326 1862 meque
1346 1829 1413 1853 eos
1442 1823 1653 1870 apostolica
1686 1826 1779 1863 falce
1800 1827 1847 1864 ab
1870 1829 1974 1865 omni
1994 1831 2208 1870 succideres

1137 1875 1165 1913 C
1184 1873 1440 1916 ecclesiastica
1461 1880 1664 1931 dignitate,
1686 1886 1737 1924 ita
1758 1896 1801 1924 ut
1821 1897 1858 1925 et
1878 1888 2015 1927 habitis
2036 1902 2203 1938 careant,

1183 1941 1221 1969 et
1242 1934 1288 1971 de
1310 1947 1450 1977 caetero
1469 1942 1516 1978 ad
1536 1944 1627 1982 alias
1649 1960 1726 1984 non
1749 1959 1960 2000 assurgant.

1208 2064 2203 2093 ====================================================================

1348 2166 1726 2228 EPISTOLA
1789 2168 2048 2233 CLXH.‘¹

1204 2320 1251 2342 AD
1282 2323 1530 2351 namn-:metat
1561 2318 1576 2332 ᾖ
1606 2332 1912 2369 CANCELLARIUM,
1944 2337 1993 2359 DE
2022 2338 2163 2361 EODEM.

1229 2439 1481 2485 Frequentem
1512 2449 1550 2476 et
1585 2443 1823 2482 amicabilem
1855 2448 2189 2493 recordationem,

1173 2509 1248 2545 qua
1284 2498 1483 2537 dominum
1525 2503 1750 2555 episcopum
1784 2508 2034 2545 Parisiensem
2080 2523 2190 2546 com-

1172 2558 1355 2595 mendare
1376 2562 1504 2599 soletis
1520 2592 1529 2608 ,
1553 2577 1622 2614 ego
1641 2567 1889 2615 postmodum
1917 2569 1989 2619 ipsi
2014 2569 2190 2619 frequen-

1171 2625 1229 2654 ter
1248 2627 1404 2658 testatus
1421 2636 1518 2660 sum.
1537 2628 1593 2661 Eu
1616 2639 1636 2662 a
1656 2626 1766 2664 vobis
1783 2629 1949 2678 exigitur
1969 2643 2047 2667 non
2069 2629 2190 2667 verbo

1000 2679 1101 2689 “““““
1122 2679 1154 2713 D
1172 2688 1238 2716 aut
1259 2681 1410 2732 lingua,
1439 2685 1506 2722 sed
1528 2699 1645 2737 opere
1666 2697 1703 2725 et
1724 2690 1885 2727 veritate
1906 2690 2073 2741 probare
2090 2721 2099 2738 ,
2121 2705 2192 2729 nec

1171 2753 1232 2777 me
1254 2742 1367 2780 fuisse
1389 2745 1559 2783 fallacem
1574 2778 1584 2795 ,
1605 2762 1675 2785 nec
1693 2763 1761 2786 vos
1784 2751 2021 2789 mendacem.
2041 2753 2099 2789 Sic
2117 2766 2190 2789 ve-

1170 2810 1247 2839 stra
1271 2804 1456 2854 interest,
1480 2822 1560 2846 non
1590 2811 1714 2847 solum
1743 2820 1905 2861 propter
1937 2814 2160 2863 episcopum
2179 2844 2188 2860 ,

1170 2864 1235 2900 sed
1253 2874 1291 2902 et
1307 2868 1583 2921 p1·0pte1·:alios
1605 2872 1748 2909 amicos
1765 2881 1933 2919 vestros,
1950 2874 2016 2923 qui
2035 2887 2107 2923 pro
2125 2888 2191 2910 vo—

1168 2924 1225 2962 bis
1257 2937 1360 2966 certe
1384 2931 1577 2980 graviter,
1611 2933 1640 2970 si
1665 2948 1743 2983 quo
1774 2934 1890 2971 modo
1920 2943 2061 2985 praeter
2083 2949 2188 2988 spem

1170 2992 1382 3039 procedere
1412 3008 1563 3031 causam
1585 2995 1847 3046 contingeret,
1874 2996 2132 3033 turbarentur.

1155 3342 1167 3357 ἕ·
1191 3337 1289 3370 Alias.
1314 3344 1448 3368 aclores.
1471 3357 1509 3360 κῆ
1536 3338 1549 3357 ¹·
1571 3338 1690 3378 Scripta
1709 3348 1791 3367 auno
1818 3335 1930 3365 Christi
1949 3337 2042 3363 11:353.
