2565 3952
73 129 144 167 477

72 204 221 257 respicit
244 219 252 242 :
277 202 385 240 albus
417 201 569 251 nigrum
599 201 664 238 vix
692 199 817 238 media
837 201 940 238 oculi
969 210 1079 251 parte

988 124 1251 159 EPISTOLAE.

1091 200 1142 218 220

2108 130 2177 167 '1753

1155 202 1366 248 monache,
1393 202 1553 252 nigredo
1576 202 1703 240 fratris
1730 204 1803 251 tui,
1826 218 1903 241 non
1930 209 2068 245 mentis
2083 239 2092 255 ,
2114 212 2178 247 scd

71 276 107 304 et
122 263 275 316 quando
296 276 335 299 sc
354 262 513 311 ingerit,
536 269 757 298 contuetur.
773 260 859 299 Vidi
878 261 1083 311 plurimos,
1105 263 1137 296 A
1155 262 1270 299 vestis
1284 291 1293 308 ,
1325 263 1560 299 exsecranda
1596 263 1778 301 videtur?
1802 268 1878 302 Cur
1900 266 1990 313 tibi,
2022 281 2044 303 o
2072 270 2181 318 niger

71 339 148 365 non
174 323 358 362 recordor
388 322 563 372 quoties,
593 322 640 359 de
662 323 862 372 nigrorum
890 335 1056 359 numero
1072 353 1081 369 ,

71 393 332 426 occurrentem
345 397 458 433 quem
464 383 565 434 piam
579 383 707 420 album
719 413 728 430 ,
742 383 850 434 quasi
864 392 1083 420 monstrum

70 448 254 492 ridentes,
271 454 309 483 et
322 445 428 482 velut
445 445 475 481 si
493 445 674 482 chimaera
694 445 754 482 vel
776 453 984 482 centaurus
997 474 1006 491 ‚
1023 445 1084 482 vel

70 515 289 561 portentum
321 504 478 555 aliquod
504 505 752 555 peregrinum
783 505 905 542 oculis
931 506 1084 555 ingere-

70 577 194 615 retur,
212 580 309 604 voce
330 565 388 602 vel
410 573 518 615 gestu
542 566 717 616 corporis
734 579 774 603 se
791 575 947 616 stupere
969 566 1086 616 signi—

71 630 235 668 ficantes.
272 626 359 665 Vidi
394 640 414 663 e
448 639 638 663 converso
669 627 851 677 loquaces
880 628 986 678 prius
1000 657 1008 673 ,
1047 636 1083 665 et

70 691 185 730 multa
200 688 339 740 passim
362 688 606 725 occurrentia
629 689 676 726 ad
694 687 859 724 invicem
882 688 1085 725 conferen-

70 761 123 790 tes
137 750 263 796 albos,
287 749 398 799 nigro
417 748 593 798 quolibet
609 748 840 786 adveniente
858 748 986 786 subito
1010 748 1084 786 ob-

70 811 270 858 mutuisse,
292 819 330 847 et
355 810 462 847 velut
482 809 530 847 ab
551 808 726 847 hostibus
747 810 916 847 hostium
938 819 1084 848 secreta

69 871 291 913 rimantibus
302 901 311 918 ,
331 871 472 908 silentii
489 870 561 908 sibi
578 871 749 908 remedio
765 871 1008 922 praecavisse.
1023 876 1085 909 In-

69 935 181 974 tuitus
201 947 284 971 sum
314 932 516 983 utriusque
535 933 687 983 generis
711 934 912 971 hominum
936 935 1086 984 linguas

70 1003 250 1041 tacente53
273 994 425 1038 oculos,
450 1007 605 1042 manus,
627 995 824 1046 pedesque
844 996 1050 1046 loquentes
1075 1011 1082 1033 :

68 1065 104 1095 et
121 1055 225 1106 quod
245 1068 363 1101 voce,
392 1068 440 1092 ne
461 1055 744 1106 proderentur,
774 1056 945 1094 indicare
978 1058 1086 1094 nole—

67 1117 175 1165 bant,
192 1125 369 1168 gestuum
387 1118 571 1167 suffragio
595 1118 734 1155 clarius
752 1118 990 1156 inclamasse.
1011 1123 1086 1157 Vo-

68 1192 144 1218 cem
180 1188 325 1216 mutam
346 1209 355 1226 ,
394 1179 569 1216 membra
604 1179 806 1230 loquacia,
835 1189 872 1216 et
899 1194 1084 1230 perverso

67 1248 209 1278 naturae
241 1239 399 1286 ordine,
434 1238 627 1289 lapidibus
660 1241 868 1286 clamosos,
907 1241 1084 1278 homines

67 1299 283 1339 hominibus
306 1300 539 1337 taciturnos,
571 1292 812 1337 Recordatus
841 1314 926 1337 sum
955 1314 1080 1351 saepe,

69 1363 152 1401 talia
182 1362 340 1410 videns,
367 1362 470 1399 illius
499 1361 732 1399 Salomonici
764 1361 891 1410 verbi,
924 1376 1003 1413 quo
1034 1363 1080 1400 de

68 1423 176 1463 simili
195 1423 397 1461 hominum
415 1436 555 1473 genere
574 1422 716 1460 fatetur
738 1438 746 1460 :
770 1427 919 1460 Ammit
937 1426 1054 1460 oculis
1067 1453 1078 1469 ,

69 1489 150 1522 terit
159 1486 275 1534 pede,
295 1486 411 1534 digito
428 1486 605 1533 loquitur,
616 1497 740 1533 pravo
759 1486 870 1520 carde
886 1485 1081 1521 machina-

68 1556 124 1584 tur
138 1548 288 1591 malum,
308 1555 345 1582 et
362 1550 400 1582 in
419 1550 524 1582 omni
540 1555 710 1595 tempore
718 1550 852 1595 jurgia
871 1551 1034 1582 concitat
1052 1552 1077 1582 ¹.

69 1609 133 1654 Et,
152 1621 174 1644 ο
193 1607 348 1658 pessimi
372 1607 497 1657 angeli
517 1615 554 1644 et
574 1620 593 1645 a
622 1611 705 1645 Deo
729 1605 895 1658 projecti
914 1621 1080 1659 pravum

69 1676 104 1706 et
134 1668 309 1719 pertinax
342 1668 545 1705 consilium
569 1670 576 1704 ἔ
609 1667 676 1718 qui
708 1668 844 1705 nolens
875 1682 915 1705 se
955 1669 1080 1706 solum

69 1738 214 1767 aeternae
226 1730 311 1781 paci
325 1730 502 1780 periisse,
523 1729 648 1767 socios
666 1729 739 1766 sibi
757 1743 834 1767 suae
851 1730 1082 1780 perditionis

1152 323 1359 370 monache,
1382 323 1520 361 albedo
1547 325 1674 362 fratris
1699 326 1774 371 tui,
1808 340 1885 363 non
1916 329 2076 375 mentis,
2111 330 2177 366 sed

1152 385 1269 422 vestis
1286 414 1296 432 ,
1335 385 1561 423 admiranda
1600 387 1770 423 creditur
1793 390 1807 424 ,³
1844 391 1982 425 Nonne
2018 397 2181 438 uterquc

1152 454 1324 482 vestrum
1344 445 1390 483 de
1406 445 1546 483 ovibus
1564 448 1734 485 Pastoris
1752 449 1855 485 illius
1876 457 1954 494 est,
1975 449 2041 499 qui
2062 449 2153 485 dicit
2172 464 2179 486 :

1159 508 1253 543 Oves
1274 520 1370 542 mese
1392 521 1520 543 vocem
1539 522 1663 544 meam
1683 511 1846 545 (ludium
1861 539 1871 555 ‚
1897 519 1932 545 ct
1952 524 2018 559 ego
2042 513 2179 546 Domi-

1153 581 1222 603 nus
1243 582 1404 616 agnosco
1423 582 1487 605 eas
1497 597 1509 613 ,
1530 577 1565 604 et
1583 579 1790 618 sequuntur
1809 584 1868 605 me
1885 584 1898 614 ;
1918 580 1954 606 et
1972 585 2038 619 ego
2059 576 2179 607 vllam

1154 637 1338 665 oetermmz
1359 631 1406 665 (Io
1436 631 1510 674 eis,
1535 639 1570 666 et
1590 644 1664 666 non
1689 630 1868 680 peribunt
1895 636 1934 667 in
1967 641 2176 679 ecem-mem,

1151 704 1273 739 neque
1293 695 1421 740 rapiet
1438 705 1504 727 eas
1526 697 1727 740 qnisquam
1753 694 1800 728 (le
1821 705 1939 728 malm
1961 706 2045 728 mea
2059 694 2102 729 2?
2129 696 2176 730 Et

1152 751 1239 801 quis
1261 765 1432 802 unquam
1455 760 1606 802 pastor,
1630 765 1710 789 non
1734 752 1858 790 dicam
1878 757 2002 800 Deus,
2025 753 2091 791 sed
2116 755 2177 791 vel

1153 812 1294 857 homo,
1320 812 1366 849 de
1395 812 1605 851 velleribus
1626 814 1758 851 ovium
1786 828 1942 852 suarum
1971 815 2182 853 discolori-

1152 872 1224 909 bus
1243 873 1483 924 disputavit?
1505 875 1591 925 quis
1612 888 1783 925 unquam
1801 885 1978 913 causatus
1997 878 2080 914 cst?
2097 878 2183 927 quis

1153 947 1325 984 unquam
1356 936 1476 985 magis
1514 935 1619 972 albas
1637 965 1646 983 ,
1683 950 1797 986 quani
1835 937 1986 987 nigras,
2026 939 2152 988 nigras
2171 969 2180 986 ,

1109 996 1133 1030 B
1155 1008 1268 1045 quam
1292 994 1421 1041 albas,
1445 1009 1531 1033 suas
1553 1010 1634 1033 esse
1655 1011 1747 1034 oves
1767 997 1987 1047 judicavit?
2010 1000 2094 1048 quis
2113 1014 2181 1036 un-

1154 1070 1270 1106 quam
1302 1070 1381 1094 non
1402 1065 1533 1094 utrum
1564 1058 1682 1108 nigrae
1703 1059 1763 1095 vel
1792 1059 1913 1104 albae,
1953 1059 2018 1095 sed
2049 1069 2179 1097 utrum

1153 1117 1273 1166 nigrae
1303 1117 1363 1153 vel
1398 1116 1495 1153 albae
1525 1117 1572 1154 de
1605 1118 1741 1154 eodem
1777 1132 1847 1156 suo
1881 1132 1995 1169 grege
2029 1130 2178 1168 essent,

1154 1178 1346 1214 attendit?
1373 1181 1446 1225 Et,
1470 1192 1493 1215 o
1518 1179 1663 1216 malitia
1684 1179 1908 1216 hominum!
1931 1189 1986 1227 et,
2014 1194 2036 1217 o
2065 1182 2180 1218 inno-

1152 1239 1277 1275 centia
1291 1238 1482 1288 pecudum
1497 1241 1505 1274 1
1521 1252 1543 1275 o
1559 1240 1787 1276 constansin
1807 1254 1875 1277 sua
1891 1242 2038 1290 origine
2055 1251 2181 1279 creata

1149 1299 1188 1335 in
1210 1299 1337 1336 brutis
1357 1298 1589 1336 animalibus
1610 1299 1823 1337 substantia
1842 1305 1851 1337 Ξ
1880 1315 1902 1337 o
1928 1315 2113 1351 perversa
2138 1304 2176 1339 in

1150 1360 1330 1398 rationali
1360 1361 1554 1397 animante
1576 1364 1731 1398 natura!
1764 1362 1850 1411 quis
1873 1376 2044 1412 unquam
2066 1363 2177 1401 albus

1149 1422 1248 1459 aries
1265 1422 1418 1471 nigrum
1441 1421 1671 1472 dedignatus
1688 1424 1773 1459 est?
1795 1437 1880 1473 qum
1900 1437 2072 1473 unquam
2095 1425 2179 1462 ovis

1149 1484 1260 1534 nigra
1279 1483 1405 1520 albam
1429 1483 1615 1521 detestata
1637 1486 1717 1521 est?
1735 1489 1872 1523 Nonne
1892 1486 2153 1523 communiter
2166 1516 2176 1533 ,

1148 1559 1280 1582 nonne
1304 1545 1484 1596 pacifice,
1506 1559 1638 1583 nonne
1659 1547 1820 1583 omnino
1844 1548 2072 1597 tranquille,
2095 1548 2177 1585 sinc

1148 1607 1255 1642 omni
1291 1607 1516 1657 multiplicis
1557 1608 1698 1645 coloris
1738 1609 1951 1658 quaestione
1976 1638 1985 1655 ,
2029 1608 2175 1659 absque

1149 1667 1255 1703 omni
1282 1668 1573 1717 inquietudine,
1602 1669 1730 1706 caulas
1758 1670 1972 1720 pastorales
2001 1670 2181 1720 replent?

1150 1731 1197 1765 Et
1231 1729 1387 1779 quidem
1423 1730 1633 1780 aliquando
1663 1732 1762 1768 aries
1797 1732 1956 1769 arietem
1993 1731 2178 1769 cornibus

69 1790 331 1841 undecumque
360 1790 524 1841 acquirit
543 1805 551 1828 :
575 1799 613 1828 et
638 1800 681 1828 ut
700 1791 930 1841 gloriosiore
951 1792 1079 1842 palma
1101 1791 1127 1828 C
1148 1790 1321 1841 impetit,
1345 1791 1428 1827 ovis
1446 1805 1558 1828 ovem
1582 1791 1728 1830 crebris
1746 1793 1921 1843 pulsibus
1941 1793 2067 1830 tundit
2086 1809 2094 1831 :
2113 1793 2180 1831 sed

70 1852 230 1898 laetetur,
260 1851 398 1890 cedros
416 1853 479 1890 vel
500 1851 645 1890 abietes
665 1852 835 1904 paradisi
859 1853 950 1900 Dei,
971 1852 1081 1903 cujus

69 1914 146 1966 ipse
158 1913 246 1951 olim
262 1914 423 1951 colonus
439 1911 604 1961 ekstitit‚
621 1914 793 1951 violento
806 1915 986 1965 nequitiae
1003 1928 1081 1952 suae

69 1976 228 2028 impulsu
256 1975 443 2013 subruere
472 1985 647 2013 conatur.
679 1977 795 2014 Dolet
824 1976 895 2014 sibi
924 1977 1081 2027 periisse

68 2037 248 2077 haeresum
268 2040 436 2091 palmam
450 2069 459 2086 ,
481 2052 556 2089 qua
578 2039 714 2089 priscis
735 2038 978 2089 temporibus
1006 2042 1082 2076 Ec-

70 2099 213 2138 clesiam
235 2101 306 2139 Dei
321 2100 496 2138 scindere
518 2109 773 2137 consueverat
795 2115 803 2137 :
827 2109 864 2137 et
886 2100 1022 2138 videns
1043 2113 1083 2137 se

73 2159 178 2198 fidem
192 2162 298 2199 nullo
308 2160 387 2212 jam
404 2170 519 2212 pacto
540 2160 679 2198 laedere
695 2174 809 2212 posse
822 2191 831 2209 ,
849 2162 993 2213 Spiritu
1011 2163 1083 2199 Dei

72 2217 195 2259 eadem
215 2222 290 2260 fide
309 2223 485 2274 replente
511 2221 648 2259 orbem
679 2231 869 2259 terrarum
887 2238 896 2269 3
923 2222 970 2260 ad
990 2223 1082 2260 cha—

71 2282 184 2322 ritatis
199 2293 341 2322 mutuae
359 2284 556 2322 laesionem
575 2292 699 2321 totum
718 2292 901 2321 conatum
921 2298 1082 2321 conver-

72 2343 124 2382 tit.
155 2348 247 2383 Nam
279 2346 369 2396 quia
385 2375 394 2392 ‚
435 2354 479 2383 ut
506 2345 682 2383 infideles
718 2346 820 2392 sint,
858 2345 1081 2383 hominibus

72 2404 275 2444 christianis
289 2406 370 2458 jam
389 2407 623 2459 persuadere
644 2421 725 2445 non
746 2416 898 2459 potest;
916 2416 998 2445 toto
1021 2421 1083 2445 co-

72 2467 237 2515 namine,
260 2482 309 2506 ne
328 2482 368 2506 se
388 2469 554 2506 invicem
582 2469 766 2519 diligant,
789 2468 974 2506 elaborat.
996 2473 1081 2507 Jam

71 2527 169 2575 Arii,
197 2527 274 2578 jam
305 2529 482 2577 Sabellii,
509 2528 590 2579 jam
618 2530 780 2576 Novati,
807 2528 888 2580 jam
909 2530 1080 2577 Donati,

1148 1851 1219 1888 hos
1238 1852 1297 1888 vel
1320 1852 1387 1889 has
1408 1866 1486 1889 non
1506 1853 1670 1890 varietas
1689 1854 1831 1891 coloris
1849 1854 1897 1891 ad
1918 1868 2087 1905 pugnam
2107 1868 2177 1891 ex-

1149 1914 1261 1960 citat,
1296 1914 1362 1951 sed
1392 1914 1524 1951 innata
1547 1915 1696 1952 cunctis
1727 1915 1959 1953 animalibus
1984 1930 2027 1953 ac
2061 1916 2180 1953 modo

1150 1974 1327 2025 quolibet
1345 1976 1400 2013 ira
1418 1977 1542 2013 excita
1557 1986 1759 2027 provocat.
1779 1983 1829 2015 At
1846 1991 1969 2024 nunc,
1989 1987 2031 2015 ut
2048 1978 2179 2023 video,

1152 2037 1330 2074 stolidior
1352 2037 1500 2089 pecude
1520 2039 1638 2075 homo
1653 2069 1662 2085 ,
1688 2039 1725 2076 in
1751 2039 1901 2077 honore
1930 2040 2080 2090 positus
2102 2053 2181 2078 non

1150 2098 1353 2150 intelligit:
1375 2109 1432 2146 et,
1465 2100 1572 2150 quod
1595 2101 1716 2150 magis
1734 2100 1957 2138 deflendum
1980 2110 2057 2147 cst,
2090 2114 2179 2137 mo—

1150 2160 1297 2198 nachus
1319 2160 1438 2198 homo
1457 2175 1477 2198 a
1500 2161 1697 2198 charitatis
1714 2163 1862 2200 unitate
1882 2163 1990 2200 vario
2013 2164 2182 2200 variatus

1151 2221 1282 2259 colore
1303 2236 1385 2259 sese
1407 2221 1606 2272 disjungit.
1624 2223 1710 2260 Noli
1723 2253 1732 2269 ,
1757 2224 1856 2269 noli,
1873 2238 1943 2261 oro
1962 2233 1997 2262 te
2013 2255 2022 2271 ,
2048 2226 2180 2271 frater,

1152 2282 1181 2319 si
1215 2283 1298 2320 ovis
1333 2283 1474 2320 Christi
1511 2297 1594 2320 esse
1630 2285 1739 2334 cupis
1759 2314 1768 2329 ,
1812 2285 1920 2322 vario
1955 2285 2003 2323 de
2036 2286 2181 2323 vellere

1151 2336 1300 2380 causari
1324 2360 1332 2381 :
1356 2345 1446 2394 quia
1476 2345 1626 2382 nullum
1649 2345 1698 2382 de
1726 2346 1818 2382 ovili
1850 2360 1919 2384 suo
1951 2350 2087 2384 Pastor
2119 2348 2183 2384 ille

1150 2404 1327 2455 projicit,
1358 2406 1431 2443 nisi
1464 2420 1579 2457 quem
1616 2420 1695 2443 non
1728 2408 1869 2444 coloris
1888 2408 2079 2455 ‚varietas,
2113 2408 2180 2445 sed

1152 2466 1240 2504 lidei
1261 2468 1322 2504 vel
1338 2468 1532 2505 charitatis
1550 2468 1656 2505 laesio
1673 2467 1721 2505 ab
1738 2469 1869 2506 ovium
1892 2482 2047 2506 suarum
2067 2483 2182 2519 grege

1152 2529 1332 2566 secernit.
1358 2533 1444 2567 Non
1459 2559 1468 2577 ,
1492 2529 1671 2580 inquam,
1696 2531 1863 2567 secernit
1884 2531 2108 2581 quempiam
2131 2530 2179 2567 ab

68 2585 142 2637 Jam
164 2590 321 2641 Pelagii,
338 2589 420 2641 jam
441 2591 673 2642 antiquioris
692 2591 834 2628 horum
856 2591 1082 2630 exsecrandi
1102 2591 1136 2625 D
1154 2589 1247 2626 ovili
1269 2603 1340 2627 suo
1364 2598 1527 2641 propter
1548 2591 1718 2627 colorem
1735 2621 1744 2637 ,
1767 2591 1833 2641 qui
1856 2591 1903 2627 de
1926 2599 2001 2628 tam
2023 2592 2180 2628 semotis

72 2650 264 2689 Manichaei
279 2661 381 2690 secta
396 2653 530 2704 periit,
544 2652 624 2704 jam
641 2653 985 2691 innumerabilium
1007 2654 1082 2691 hae-

72 2711 269 2750 reticorum
284 2713 436 2752 nebulae
452 2715 577 2753 lucem
593 2715 680 2752 fidei
693 2714 994 2763 obumbrantes,
1010 2715 1083 2752 Dei

73 2770 182 2810 flante
216 2774 351 2825 spiritu
372 2805 382 2823 ,
417 2785 687 2824 evanuerunt,
721 2785 758 2813 et
791 2790 936 2814 meram
970 2775 1083 2814 nobis

73 2832 184 2882 diem,
209 2837 314 2874 omni
331 2845 479 2875 remota
504 2837 666 2888 caligine
682 2867 692 2884 ,
718 2838 960 2887 reliquerunt
983 2853 990 2875 :
1014 2838 1081 2875 sed

72 2892 127 2931 his
144 2896 348 2935 succedens
366 2898 509 2936 africus
535 2897 651 2936 turbo
666 2928 675 2945 ,
697 2898 828 2935 omnia
846 2897 975 2936 subito
998 2907 1081 2936 tur-

64 2951 159 2992 'bare
182 2957 398 3006 contendit3
428 2967 467 2996 et
490 2959 580 3010 quia
601 2958 715 2996 fidem
738 2959 987 3010 praevaluisse
1019 2974 1084 2997 co-

65 3016 233 3066 ¹gnoscit,
257 3018 412 3057 laesione
439 3020 635 3058 charitatis
657 3020 821 3071 pristina
849 3019 990 3058 damna
1016 3034 1080 3058 re-

75 3087 312 3128 compensare
339 3081 509 3119 molitur.

123 3137 182 3176 21.
203 3140 276 3179 Sed
302 3150 353 3181 ut.
368 3142 638 3194 deploratione
662 3143 821 3190 omissa,
843 3142 892 3180 ad
922 3156 966 3180 ea
995 3156 1081 3193 quae

75 3210 277 3249 coeperam,
310 3203 438 3241 stilum
471 3204 654 3241 reducam
685 3219 693 3241 z
723 3218 793 3241 cur
825 3202 914 3250 tibi,
947 3218 969 3240 o
994 3204 1080 3241 albe

1149 2650 1374 2700 regionibus
1386 2682 1395 2699 ,
1413 2651 1460 2688 de
1478 2660 1553 2688 tam
1572 2651 1733 2689 diversis
1750 2651 2000 2702 religionibus
2015 2682 2024 2699 ,
2042 2653 2081 2689 in
2099 2666 2178 2690 uno

1151 2711 1368 2749 christianae
1398 2712 1487 2749 fidei
1502 2713 1594 2749 ovili
1614 2712 1792 2750 Judaeum
1813 2714 2062 2763 congregavit
2081 2714 2182 2764 pari-

1150 2781 1209 2810 ter
1229 2782 1266 2810 et
1287 2774 1495 2812 Gentilem.

1208 2835 1268 2875 22.
1301 2838 1385 2873 Hoc
1422 2835 1595 2873 fortassis
1632 2835 1766 2872 docuit
1795 2843 1832 2871 et
1864 2834 2051 2885 patientia
2082 2834 2185 2871 illius

1152 2898 1273 2937 sancti
1300 2897 1530 2948 patriarchae
1561 2897 1705 2943 Jacob,
1737 2897 1803 2947 qui
1835 2896 1961 2934 decies
1994 2911 2015 2934 a
2050 2896 2183 2934 Laban

1152 2960 1395 2997 immutatam
1417 2958 1637 2995 mercedem
1660 2971 1771 3008 aequo
1795 2957 1924 2994 animo
1946 2957 2055 2994 tulit:
2075 2966 2113 2994 et
2129 2958 2185 2995 ni-

1153 3022 1204 3059 hil
1227 3021 1384 3057 differre
1414 3020 1516 3057 inter
1538 3019 1667 3058 album
1690 3028 1728 3057 et
1746 3020 1916 3070 nigrum,
1946 3019 2006 3056 vel
2034 3019 2181 3056 varium

1148 3094 1268 3134 pecus
1290 3110 1300 3128 ,
1351 3080 1489 3118 eodem
1523 3079 1616 3118 boni
1652 3081 1818 3131 pastoris
1853 3080 1982 3117 animo
2022 3088 2060 3116 et
2093 3094 2183 3116 cura

1149 3142 1434 3181 multicolorem
1455 3156 1607 3193 gregem
1631 3141 1824 3193 pascendo
1845 3141 2076 3178 monstravit
2090 3139 2113 3176 ³.
2132 3144 2177 3177 Et

1150 3218 1236 3242 cum
1255 3203 1356 3241 dicat
1379 3204 1610 3254 Apostolus,
1632 3207 1674 3240 In
1700 3203 1845 3239 Clu-isto
1864 3205 1954 3239 Jescc
1970 3215 2091 3250 neque
2112 3205 2181 3236 ris·-

121 3330 130 3346 ¹
147 3328 310 3369 Prov.v1,
341 3333 398 3369 13,
420 3333 474 3362 14.
491 3350 536 3355 ——
555 3338 566 3353 ²
583 3334 679 3364 Joan.
699 3342 738 3371 x,
756 3334 813 3370 27,
832 3334 888 3363 28.
912 3352 954 3354 —
976 3330 989 3355 3
1007 3335 1087 3364 Gen.
1110 3336 1166 3364 30.
