2533 3920
339 220 379 255 31
1080 210 1332 247 PRAEFATIO
1370 206 1657 243 GENERALIS.
2359 198 2408 234 :32

478 388 603 439 5111.
641 409 691 414 -
717 396 771 424 niz
810 392 1028 423 nmmum
1062 391 1286 420 rnorncrn
1329 389 1373 417 nt
1417 383 1701 416 aneson-ms
1745 379 1944 410 1101111103
1973 379 2285 415 (1οΕ1110011οΜ,

986 462 1331 499 moxacnonmi,
1373 460 1427 488 ET
1467 454 1712 487 Luconmir.

402 616 530 656 XXX.
556 614 785 665 Corruptos
809 610 874 651 sui
902 607 1042 649 saeculi
1066 616 1201 646 mores
1223 603 1378 656 passim
1403 600 1517 652 luget
1547 610 1594 638 ac
1616 596 1809 651 deplorat
1839 597 1916 637 Vir
1940 600 2132 649 sanctus,
2162 596 2344 638 maxime
2367 597 2413 638 in

342 694 532 735 Ecclesiae
549 692 750 733 ministris
763 722 773 741 ,
795 699 977 743 quorum
995 685 1217 739 plerosque
1237 680 1290 722 ad
1314 677 1529 719 meliorem
1547 675 1715 728 frugem
1736 673 1915 715 adduxit
1935 688 1943 714 z
1965 673 2069 715 adeo
2091 678 2140 715 ut
2160 678 2248 715 tota
2266 673 2412 715 Eccle-

345 772 415 812 siae
440 782 487 811 ac
511 769 642 819 Cleri,
674 766 880 820 imprimis
915 761 1142 811 Gallicani,
1174 759 1299 799 facies
1322 755 1409 796 suis
1431 752 1601 793 monitis
1630 763 1678 792 ac
1703 751 1969 792 sermonibus
1995 751 2165 805 penitus
2193 752 2416 793 immutata

343 847 362 886 s
365 847 469 887 uerit
482 877 492 896 ,
511 850 551 885 et
573 845 616 884 in
635 844 856 896 antiquum
872 840 998 880 decus
1016 834 1406 887 restituthuippe
1425 829 1683 882 Eugenium,
1703 829 1845 869 virum
1863 829 2193 881 sanctissimum,
2217 830 2415 870 Romanae

343 923 436 966 Sedi
464 921 768 975 suppeditavit,
802 923 927 970 atquc
952 917 996 956 in
1019 927 1066 956 eo
1097 916 1305 955 Romanos
1332 906 1558 950 Pontifices
1580 919 1725 948 omnes
1755 906 1810 948 ad
1830 912 1986 948 rectam
2004 912 2046 948 et
2072 907 2305 961 legitimam
2329 919 2415 948 suae

340 1000 554 1053 dignitatis
577 996 977 1038 administrationem
1008 991 1193 1033 erudivit
1213 994 1252 1030 et
1274 985 1483 1037 accendit,
1516 984 1636 1026 libris
1660 984 1783 1026 editis
1812 983 1864 1026 de
1895 984 2238 1026 Consideratione
2255 1016 2266 1036 ,
2293 983 2417 1038 plane

343 1077 510 1119 divinis.
534 1077 583 1116 In
599 1073 804 1127 episcopis
824 1071 1054 1112 Henricum
1083 1071 1383 1116 senonensem,
1410 1063 1667 1117 Stephanum
1688 1064 1967 1105 Parisiensem
1981 1096 1992 1116 ,
2017 1064 2206 1119 aliosque
2225 1062 2416 1119 permul-

344 1158 408 1194 tos
423 1153 475 1192 ab
494 1151 628 1192 aulico
647 1148 818 1189 vivendi
842 1158 992 1200 genere
1009 1145 1063 1186 ad
1080 1156 1217 1185 mores
1236 1142 1463 1197 episcopali
1479 1141 1627 1184 ordine
1644 1141 1795 1196 dignos
1813 1143 2029 1184 revocavit
2050 1157 2059 1183 ε
2080 1142 2238 1184 multos
2253 1142 2380 1184 etiam
2395 1153 2419 1182 e

343 1230 429 1270 suis
444 1259 454 1276 ,
476 1228 520 1268 in
537 1226 715 1267 aliorum
735 1223 995 1277 exemplum,
1018 1222 1236 1275 episcopos
1254 1220 1433 1275 protulit
1452 1218 1479 1262 ¹.
1501 1221 1672 1263 Clericis
1690 1220 1888 1262 omnibus
1911 1221 2111 1263 salutaria
2125 1221 2286 1263 monita
2301 1219 2420 1262 dedit

344 1308 388 1348 in
407 1317 595 1347 sermone
623 1303 674 1344 dc
695 1302 993 1350 Conversione,
1019 1299 1071 1340 ad
1091 1299 1277 1341 clericos
1309 1300 1410 1351 Quae
1433 1301 1573 1341 omnia
1594 1301 1630 1341 si
1652 1301 1750 1354 quis
1769 1304 1961 1342 accurate
1978 1299 2123 1342 videre
2141 1301 2280 1354 cupit,
2307 1299 2419 1353 legat

348 1384 503 1425 librum
527 1387 688 1423 sextum
707 1379 759 1421 de
781 1380 876 1420 Vita
890 1378 1019 1419 sancti
1039 1377 1243 1419 Bernardi
1270 1379 1416 1432 gallice
1439 1379 1573 1431 edita,
1596 1378 1716 1433 cujus
1741 1376 1848 1420 Vitae
1867 1383 1952 1420 tres
1975 1378 2073 1420 libri
2091 1378 2347 1433 posteriores
2370 1389 2422 1419 ex

346 1461 434 1515 ejus
453 1461 617 1513 scriptis
637 1470 784 1511 magna
803 1470 899 1498 cum
915 1457 1071 1510 pietate
1092 1460 1247 1496 etcum
1266 1457 1421 1510 insigni
1441 1456 1604 1498 delectu
1624 1458 1806 1498 contexti
1831 1460 1944 1498 sunt.
1972 1457 2035 1498 De
2054 1456 2247 1497 moribus
2262 1459 2304 1496 et
2319 1453 2420 1496 offi-

345 1539 409 1580 cio
432 1539 724 1591 cpiscoporum
747 1534 920 1588 legenda
947 1534 1155 1587 imprimis
1184 1535 1361 1588 epistola
1388 1535 1709 1589 quadragesima
1737 1535 1921 1577 secunda
1944 1534 1999 1576 ad
2030 1535 2263 1576 Henricum
2290 1536 2421 1575 Seno-

345 1627 527 1665 nensem,
546 1626 639 1667 quae
658 1614 702 1653 111
723 1615 991 1654 Tractatuum
1007 1612 1180 1652 classem
1198 1613 1324 1654 modo
1340 1618 1456 1655 tomo
1475 1613 1659 1655 secundo
1676 1614 1807 1655 relata
1826 1618 1902 1655 est.
1923 1613 2072 1654 Merito
2091 1614 2235 1668 itaque
2254 1612 2299 1653 in
2311 1611 2424 1653 libro

345 1693 396 1735 de
413 1693 625 1747 lipiscopis
645 1690 980 1732 Virdunensibus
999 1689 1156 1731 dicitur
1174 1691 1208 1731 is
1225 1703 1312 1732 esse
1329 1690 1589 1742 Bernardus,
1629 1710 1644 1725 α
1675 1690 1795 1745 cujus
1814 1690 2000 1732 consiliis
2019 1703 2149 1744 regna
2167 1695 2208 1732 et
2228 1689 2422 1731 Ecclesiae

354 1790 368 1804 υ
397 1770 614 1811 Gallieanae
637 1769 783 1819 hodie,
807 1788 822 1802 »
849 1769 991 1822 inquit
1007 1773 1174 1820 auctor,
1203 1788 1218 1803 «
1243 1769 1486 1809 innituntur
1502 1765 1532 1808 ².
1560 1787 1575 1804 »

406 1849 556 1888 XXXI.
577 1848 675 1887 Erat
690 1847 733 1886 in
757 1858 805 1886 eo
826 1846 1001 1886 mirifica
1018 1846 1186 1888 dicendi
1206 1848 1359 1899 gratia,
1387 1866 1402 1881 «
1426 1851 1473 1888 ut
1489 1860 1575 1889 non
1592 1852 1733 1901 posset
1751 1861 1803 1889 ne
1822 1848 1956 1902 ipsius
1973 1847 2147 1902 quidem
2163 1847 2307 1900 stilus,
2327 1847 2426 1890 licet

354 1946 369 1960 υ
399 1927 595 1977 eximius,
617 1930 746 1966 totam
763 1925 877 1965 illam
894 1925 1182 1977 dulcedinem,
1202 1930 1340 1966 totum
1362 1927 1543 1968 retinere
1562 1928 1787 1968 fervorem.
1815 1947 1830 1962 »
1858 1928 2025 1981 Quippe
2053 1946 2070 1962 «
2093 1925 2366 1982 placabilem,
2385 1932 2428 1968 et

355 2023 369 2038 »
399 2002 733 2057 persuasibilem,
752 2007 792 2043 et
811 2002 1016 2043 eruditam
1034 2003 1222 2056 linguam
1236 2003 1408 2044 dederat
1425 2005 1463 2044 ei
1475 2005 1589 2045 Deus
1601 2036 1612 2056 ,
1636 2009 1684 2045 ut
1703 2005 1827 2046 sciret
1840 2036 1850 2056 ,
1871 2017 1999 2058 quem
2017 2009 2058 2045 et
2071 2004 2243 2058 quando
2256 2003 2429 2046 deberet

356 2101 372 2116 ι
402 2082 589 2135 proferre
608 2094 840 2122 sermonem
863 2096 872 2121 ε
899 2082 1054 2136 quibus
1074 2082 1269 2123 videlicet
1285 2082 1513 2123 consolatio
1530 2083 1597 2124 vel
1616 2082 1871 2135 obsecratio,
1892 2083 2050 2138 quibus
2068 2084 2304 2125 exhortatio
2321 2096 2426 2125 con-

357 2179 371 2194 »
400 2164 568 2212 grueret
595 2159 661 2199 vel
689 2160 915 2213 increpatio
944 2165 1021 2201 :ut
1041 2173 1163 2202 nosse
1192 2165 1392 2215 poterunt
1417 2161 1683 2214 aliquatenus
1711 2162 1788 2215 qui
1816 2161 1906 2215 ejus
1933 2161 2113 2215 legerint
2140 2161 2319 2216 scripta,
2351 2163 2429 2203 etsi

358 2256 371 2270 υ
401 2236 521 2289 longe
541 2237 679 2277 minus
696 2236 747 2277 ab
770 2238 849 2289 eis,
880 2238 953 2291 qui
973 2238 1100 2279 verba
1120 2238 1210 2292 ejus
1228 2239 1380 2292 saepius
1399 2238 1627 2279 audierunt
1645 2237 1673 2280 ⁵.
1713 2258 1728 2273 »
1761 2238 1886 2291 Quod
1911 2240 1947 2279 si
1969 2238 2058 2293 ejus
2078 2239 2234 2293 scripta
2252 2237 2430 2293 legendo

351 2312 408 2353 ita
432 2312 719 2365 accendimur3
742 2318 898 2366 quanto
916 2315 1047 2367 magis
1067 2315 1154 2367 illi,
1182 2316 1257 2369 qui
1280 2316 1524 2370 loquentem
1547 2316 1806 2358 audiebant?
1827 2319 1920 2358 Non
1944 2317 2089 2371 itaque
2107 2318 2263 2359 mirum
2277 2348 2288 2370 ,
2313 2316 2431 2372 quod

353 2391 465 2430 Deus
482 2395 544 2430 tot
562 2395 602 2430 et
617 2395 752 2442 tanta,
774 2391 817 2430 111
840 2392 904 2431 sui
924 2393 1125 2445 temporis
1149 2392 1372 2434 hominum
1390 2394 1587 2446 salutem,
1613 2407 1689 2448 per
1705 2408 1802 2436 eum
1825 2399 2021 2449 operatus
2040 2400 2116 2436 est.

413 2469 584 2508 XXXII.
619 2469 722 2520 Quis
762 2480 861 2509 vero
894 2469 1094 2522 explicet,
1135 2482 1230 2523 quoe
1265 2475 1304 2511 et
1336 2477 1494 2525 quanta
1528 2472 1580 2513 ab
1619 2473 1767 2514 eodem
1804 2478 1981 2528 patrata³
2003 2474 2088 2515 sint
2120 2473 2175 2515 ad
2211 2473 2433 2516 monastici

352 2546 528 2585 instituti
561 2546 860 2599 primigenium
891 2546 1101 2587 fervorem
1133 2547 1273 2588 denuo
1311 2549 1635 2591 suscitandum?
1670 2552 1893 2592 Testantur
1926 2551 2005 2592 hoc
2039 2550 2203 2593 eximiae
2239 2551 2329 2606 ejus
2354 2551 2433 2592 hac

353 2622 404 2662 de
434 2635 478 2662 re
501 2622 684 2675 epistoloe
707 2636 753 2663 ac
785 2624 1032 2677 scriptiones
1051 2656 1061 2676 ,
1095 2624 1204 2665 liber
1229 2625 1281 2667 de
1307 2628 1521 2681 Praecepto
1546 2633 1587 2670 et
1611 2630 1958 2683 Dispensatione,
1988 2630 2194 2684 Apologia
2225 2630 2279 2672 ad
2307 2630 2431 2672 Guil-

356 2700 525 2739 lelmum
562 2700 781 2752 abbatem,
813 2702 1004 2755 variique
1036 2714 1280 2744 sermones:
1312 2705 1355 2744 in
1383 2703 1542 2757 quibus
1575 2706 1802 2747 monachos
1839 2706 1893 2748 ad
1922 2707 2192 2749 retinendum
2227 2719 2432 2749 revocan-

357 2776 542 2829 damque
561 2782 746 2818 veterum
766 2780 935 2819 Patrum
956 2781 1202 2832 primarium
1222 2783 1464 2823 institutum
1485 2783 1708 2835 animavit,
1731 2783 1774 2824 id
1794 2788 1856 2824 est
1871 2814 1882 2835 ,
1906 2783 1960 2825 ad
1974 2785 2231 2839 poenitentiae
2246 2784 2432 2838 labores,

358 2853 641 2904 austeritates,
680 2854 923 2895 modestiam
957 2861 997 2897 et
1033 2858 1338 2911 humilitatem,
1370 2865 1685 2914 paupertatem,
1720 2861 1870 2903 mundi
1906 2867 2218 2917 contemptum,
2249 2876 2435 2905 amorem

359 2927 594 2968 solitudinis
623 2943 669 2970 ac
688 2930 861 2981 silentii,
888 2937 925 2972 et
943 2933 995 2973 ad
1011 2936 1260 2976 continuum
1280 2937 1517 2990 profectum
1548 2954 1556 2978 z
1580 2939 1623 2979 in
1649 2939 1806 2993 quibus
1831 2941 1962 2982 totius
1989 2942 2050 2982 rei
2079 2942 2319 2983 monastic-ae
2338 2954 2433 2984 car-

360 3004 501 3044 dinem
541 3007 697 3045 versari
730 3007 997 3057 intelligebat.
1040 3012 1148 3052 Hinc
1185 3026 1269 3053 11011
1300 3014 1507 3055 immerito
1543 3017 1694 3056 Petrus
1735 3016 1996 3058 Venerabilis
2028 3018 2073 3058 111
2109 3018 2307 3072 epistola,
2340 3031 2435 3074 quae

360 3085 422 3120 est
441 3081 547 3120 inter
574 3082 847 3122 Bernardinas
876 3083 1156 3128 ducentesima
1186 3091 1386 3143 vigesima
1405 3105 1538 3144 nona,
1562 3098 1683 3134 vocat
1709 3107 1829 3146 eum,
1850 3108 1893 3136 n.
1915 3097 1996 3147 30,
2019 3114 2034 3130 «
2056 3095 2230 3138 lacteam
2257 3096 2434 3138 fortem-

367 3176 382 3191 »
403 3170 485 3211 que
518 3158 776 3209 columnam,
809 3161 875 3200 cui
904 3162 1096 3204 innititur
1130 3171 1347 3210 monastici
1379 3170 1540 3212 ordinis
1567 3171 1815 3224 aedifieiu1n3
1852 3193 1867 3207 »
1902 3186 1949 3215 ac
1982 3192 1998 3208 «
2030 3174 2209 3216 rutilum
2238 3174 2378 3226 sidus,
2414 3194 2429 3210 »

406 3317 412 3334 ¹
437 3316 519 3347 xiia·
536 3316 623 3347 libro
642 3322 678 3356 2,
696 3327 730 3347 11.
756 3321 852 3348 11).ἡ
871 3320 882 3336 ²
901 3320 966 3358 Spi«
983 3321 1071 3361 iti-gii
1090 3328 1181 3354 101110
1204 3330 1503 3367 12,1²ag.311.—
1524 3330 1536 3347 ³
1556 3329 1641 3360 vitm
1662 3329 1860 3371 11br03,n.
1881 3335 1910 3363 7.
