2533 3920
316 217 385 252 115

311 473 474 512 debetne
504 485 602 513 stare
631 478 817 527 quidquid
849 479 991 529 absque
1020 494 1105 516 ineo
1138 481 1321 525 consilio,

315 532 458 583 absque
490 548 572 572 mea
604 537 754 573 licentia
794 538 948 575 fecerit?
975 539 1086 587 Quod
1115 539 1198 589 jus,
1238 552 1322 588 quae

315 593 374 629 lex
387 622 396 638 ,
415 608 500 644 quae
513 594 680 644 justitia,
699 611 783 646 quae
812 599 927 644 ratio,
946 608 986 636 ut
1006 613 1119 648 quem
1145 614 1190 636 ex
1212 608 1322 637 utero

318 654 565 691 nutriendum
593 658 759 706 suscepi,
786 658 880 694 alius
902 659 1050 695 fruatur
1069 660 1224 696 adulto?
1240 663 1323 695 Jam

318 722 432 762 caput
452 728 627 763 aspersus
647 717 769 762 canis,
787 718 878 754 lieu!
901 719 987 755 vitae
1016 732 1108 755 meae
1135 720 1322 768 reliquum

318 773 532 822 expendam
554 789 639 811 cum
661 789 842 823 moerore,
867 779 955 827 quia
978 792 1036 815 me
1062 779 1229 815 deseruit
1259 777 1326 814 ba—

319 834 425 870 culus
455 837 658 872 senectutis
690 850 794 874 mese.
820 842 902 875 Heu
930 839 1038 875 milii!
1065 839 1094 875 si
1121 840 1190 876 hac
1214 846 1325 875 nocte

320 895 511 942 expetitur
531 910 551 931 a
578 910 637 933 me
663 899 787 934 anima
809 912 889 935 mea
904 927 912 943 ,
940 913 1024 948 quae
1049 900 1199 950 paravi,
1218 898 1326 948 cujus

320 962 433 989 erunt
452 956 491 990 ΙΡ
511 958 776 1006 promptuaria
795 972 876 995 mea
898 959 1031 1008 plena,
1051 960 1261 996 eructantia
1280 972 1327 995 ex

319 1011 445 1048 hocin
469 1014 562 1050 illud
585 1030 592 1051 :
615 1030 705 1052 oves
731 1030 823 1054 meae
850 1018 977 1055 fetosae
992 1048 1001 1065 ,
1023 1018 1261 1056 abundantes
1288 1019 1327 1054 in

320 1073 531 1120 egressibus
550 1076 783 1122 suis3'boves
807 1092 899 1115 meae
921 1093 1054 1116 crassae
1075 1080 1134 1116 cui
1153 1092 1327 1116 remane-

319 1130 416 1168 bunt
434 1136 470 1168 ΞΡ
489 1135 631 1171 Praedia
644 1165 653 1181 ,
669 1146 795 1186 prata,
814 1138 969 1185 domus,
992 1149 1170 1189 argentea
1186 1153 1274 1176 vasa
1291 1148 1329 1175 et

319 1205 452 1236 aurea,
472 1194 530 1230 cui
549 1206 774 1245 congregata
792 1201 901 1235 sunt?
917 1200 1082 1236 Ditiores
1094 1213 1268 1249 quosque
1285 1212 1327 1235 ac

322 1254 615 1299 qiiaestuosi01·es
635 1257 801 1294 ecclesiae
827 1272 919 1295 meze
949 1260 1113 1297 honores
1143 1261 1329 1311 acquisie-

321 1325 399 1348 ram
430 1313 541 1360 mihi,
577 1316 763 1365 reliquos,
786 1319 855 1354 etsi
886 1333 963 1355 non
999 1320 1136 1357 licebat
1166 1320 1328 1366 habere,

323 1383 389 1421 spe
411 1381 535 1410 tamen
559 1375 597 1411 in
625 1377 790 1414 Fulcone
813 1378 999 1415 tenebam.
1023 1380 1121 1428 Quid
1140 1381 1255 1430 igitur
1277 1382 1331 1417 sa—

327 1431 446 1468 ciam?
464 1436 742 1483 Propterillum
760 1451 879 1474 unum
900 1447 955 1475 tot
972 1448 1008 1476 et
1030 1449 1132 1477 tanta
1153 1441 1331 1490 perdam?

326 1495 420 1528 Nam
453 1493 638 1543 quidquid
666 1496 746 1533 sine
779 1498 844 1534 illo
874 1499 1131 1548 possederim,
1166 1501 1333 1538 amisisse

331 1565 390 1587 me
403 1552 547 1600 judico.
565 1555 664 1603 Quin
683 1557 809 1605 potius
823 1567 860 1594 et
878 1559 946 1595 ista
963 1560 1136 1596 retinebo
1148 1590 1157 1607 ,
1174 1569 1209 1596 et
1226 1561 1333 1597 illum

326 1612 516 1649 revocabo
535 1614 564 1650 si
586 1624 734 1664 poterO.
754 1618 826 1654 Sed
844 1620 1066 1667 quomodo?
1081 1624 1234 1658 Factum
1256 1630 1331 1665 est,

328 1672 499 1709 auditum
530 1683 596 1711 est.
617 1676 727 1724 Quod
754 1678 893 1715 sactum
915 1689 987 1727 est,
1007 1694 1084 1717 non
1109 1690 1236 1731 potest
1257 1695 1333 1718 non

327 1733 409 1769 fieri
433 1748 441 1769 :
463 1735 566 1783 quod
589 1736 761 1774 auditum
783 1748 857 1785 cst,
880 1741 1041 1777 celatum
1063 1755 1142 1778 esse
1165 1755 1242 1778 non
1265 1755 1336 1792 po-

329 1793 428 1829 terit.
444 1795 561 1830 Fulco
578 1799 784 1834 canonicus
800 1808 855 1836 est
870 1802 1071 1849 regularis,
1088 1803 1116 1838 si
1133 1803 1336 1839 revertitur

1085 225 1119 259 S.
1151 225 1402 260 BERN-»mul
1431 226 1631 261 ABBATIS

312 308 422 339 rena,
441 308 516 331 non
536 309 621 346 quae
642 309 792 334 sursum
810 307 917 345 sunt,
935 299 1126 350 sapiebat,
1147 301 1319 337 turbatus
1346 301 1359 317 ³

310 361 347 389 et
372 354 486 391 tristis
506 356 577 392 tale
599 356 743 406 aliquid
763 372 889 395 secum
908 359 1087 396 volvebat
1105 375 1112 396 :
1134 360 1232 408 Quid
1252 374 1319 396 au—
1337 362 1366 395 A
1390 361 1595 398 novissima
1631 369 1714 406 tua,
1748 368 1784 396 et
1813 373 1891 396 non
1920 360 2093 409 peccabis
2109 361 2122 384 ⁵

312 413 402 450 dio?
431 428 486 452 vae
509 416 620 453 mihi!
640 431 661 453 a
682 426 823 467 quanta
853 433 920 469 spe
950 420 1088 456 cecidi!
1120 420 1191 456 Sed
1209 420 1325 469 quid?

1387 315 1478 351 pum
1492 302 1518 338 -ῑ,
1548 305 1709 345 lnsane,
1742 299 1821 336 redi
1850 299 1897 336 ad
1925 313 1992 336 cor
2021 309 2152 348 tuum;
2180 315 2394 341 memorare

2144 376 2152 398 :
2182 375 2395 401 memorare

1393 436 1478 472 quae
1499 431 1561 458 tua
1593 420 1818 466 substantia,
1845 428 1883 456 et
1913 420 2058 458 utiliter
2087 421 2247 459 timebis.
2275 426 2324 460 Et
2354 432 2397 461 tu

1392 494 1508 531 puer,
1547 480 1693 529 inquit,
1737 480 1767 515 si
1805 480 2030 526 assenseris,
2070 481 2100 518 si
2138 482 2397 532 acquieveris,

1389 549 1511 577 morte
1531 539 1704 576 morieris
1730 540 1757 575 *.
1777 542 1970 576 Memento
1990 542 2121 578 uxoris
2141 542 2239 579 Loth
2258 542 2305 579 de
2327 546 2399 581 So-

1390 600 1503 636 doma
1531 599 1684 648 quidem
1715 607 1874 649 ereptae,
1897 600 1986 649 quia
2012 604 2094 638 Deo
2120 602 2300 649 credidit;
2333 602 2400 639 sed

1390 660 1429 696 in
1459 659 1518 695 via
1550 667 1724 705 mutatae,
1748 659 1836 708 quia
1863 668 1966 697 retro
1999 662 2145 711 aspexit
2164 660 2191 699 ⁶.
2221 663 2333 700 Disce
2361 663 2402 700 in

1391 719 1598 768 Evangelio
1631 718 1735 768 quod
1768 732 1846 755 non
1877 719 1987 756 liceat
2017 729 2119 758 retro
2147 722 2315 772 aspicere
2347 722 2402 768 ei,

1392 780 1457 830 qui
1475 780 1589 816 semel
1608 792 1763 815 manum
1781 779 1827 816 ad
1840 788 2005 816 aratrum
2026 781 2162 818 misit7.
2181 782 2404 820 Avunculus

1393 848 1480 875 tuus
1515 839 1652 888 quaerit
1687 839 1850 875 animam
1880 848 2006 886 tuam,
2037 840 2104 890 qui
2127 840 2207 891 jam
2237 841 2406 891 perdidit

1393 912 1512 936 suain.
1538 898 1663 935 Verba
1689 898 1766 935 oris
1794 898 1897 948 ejus,
1919 900 2099 949 iniquitas
2119 909 2158 937 et
2177 900 2300 938 dolus.
2319 902 2407 939 Noli

1393 959 1603 1007 intelligere
1618 988 1626 1004 ,
1649 959 1700 994 fili
1731 959 1801 1004 mi,
1826 967 1867 995 ut
1887 960 1984 996 male
2007 973 2093 1010 agas
2109 959 2147 1007 8;
2177 962 2256 998 noli
2275 962 2406 999 inten-

1395 1017 1483 1054 dere
1501 1018 1539 1054 in
1560 1018 1747 1054 vanitates
1763 1027 1801 1055 et
1814 1019 1978 1056 insanias
2001 1020 2110 1058 falsas
2121 1028 2148 1058 9.
2171 1023 2268 1058 Ecce
2287 1021 2326 1058 in
2346 1022 2410 1058 via

1346 1093 1373 1126 Β
1395 1091 1468 1127 qua
1495 1077 1688 1124 ambulas,
1705 1077 1904 1115 abscondit
1924 1079 2081 1129 laqueos
2095 1108 2104 1126 ,
2125 1080 2286 1117 tetendit
2300 1081 2406 1118 retia.

1394 1138 1531 1174 Molliti
1548 1146 1637 1174 sunt
1653 1151 1848 1175 sermones
1866 1138 1946 1188 ejus
1969 1152 2084 1190 super
2104 1140 2230 1177 oleum
2246 1169 2256 1186 ‚
2279 1149 2318 1178 et
2337 1140 2410 1190 ipsi

1396 1206 1483 1234 sunt
1500 1197 1626 1247 jacula
1645 1205 1686 1234 ¹⁰.
1705 1198 1799 1236 Vide
1813 1227 1822 1244 ,
1846 1199 1898 1236 fili
1917 1199 1991 1245 mi,
2014 1213 2062 1236 ne
2079 1201 2240 1251 capiaris
2260 1214 2282 1237 a
2299 1199 2410 1237 labiis

1396 1258 1536 1307 iniquis
1550 1288 1559 1304 ,
1577 1267 1613 1295 et
1630 1272 1651 1295 a
1672 1259 1801 1308 lingua
1817 1259 1960 1296 dolosa.
1987 1262 2159 1311 Conligat
2178 1273 2311 1298 carnes
2328 1269 2411 1297 tuas

1398 1317 1550 1355 divinus
1586 1319 1717 1364 timor,
1750 1332 1798 1355 ne
1837 1327 1871 1355 te
1902 1319 2067 1369 decipiat
2103 1320 2264 1357 carnalis
2289 1333 2410 1356 amor.

1398 1378 1616 1426 Blanditur,
1638 1379 1703 1415 sed
1726 1378 1796 1415 sub
1824 1379 1953 1428 lingua
1981 1378 2063 1428 ejus
2090 1379 2200 1417 labor
2224 1388 2262 1416 et
2277 1379 2412 1426 dolor3

1399 1440 1651 1488 lacrymatur,
1679 1440 1744 1476 sed
1773 1440 1992 1486 insidiatur;
2010 1440 2210 1477 insidiatur
2228 1448 2270 1477 ut
2292 1440 2415 1490 rapiat

1400 1513 1624 1549 pauperem,
1636 1513 1769 1550 rapere
1783 1514 1991 1550 pauperem
2001 1500 2091 1537 dum
2107 1501 2354 1537 attrahiteum
2368 1506 2412 1537 ¹¹.

1401 1563 1518 1605 Cave,
1549 1561 1701 1609 inquam
1717 1589 1726 1606 ,
1749 1561 1799 1596 fili
1830 1561 1903 1603 mi,
1935 1573 1982 1596 ne
2009 1561 2226 1610 acquiescas
2251 1560 2356 1597 carni
2376 1568 2415 1596 et

1402 1621 1642 1670 sangnini123
1675 1634 1762 1657 nam
1795 1621 1941 1669 gladius
1973 1633 2080 1657 meus
2110 1619 2311 1657 devorabit
2336 1633 2415 1657 car-

1403 1694 1470 1718 nes
1489 1682 1532 1717 ¹³.
1559 1685 1704 1731 Sperne
1724 1680 2004 1728 blandimenta,
2024 1690 2228 1717 contemne
2247 1680 2416 1730 promis-

1404 1742 1539 1778 siones,
1558 1742 1750 1779 Promittit
1768 1754 1922 1791 magna,
1941 1740 2007 1778 sed
2027 1754 2098 1790 ego
2117 1739 2287 1789 majora3
2303 1740 2417 1776 offert

1404 1803 1532 1852 plura,
1555 1801 1620 1838 sed
1641 1815 1710 1851 ego
1731 1802 1908 1851 plurima.
1932 1801 2110 1838 Dimittes
2137 1814 2229 1850 ergo
2251 1813 2322 1850 pro
2341 1808 2418 1836 ter-

331 1852 377 1888 ad
399 1855 597 1901 saeculum,
619 1857 796 1895 notabilis
816 1861 887 1897 erit
907 1869 942 1897 et
963 1862 1126 1898 infamis.
1151 1862 1223 1899 Sed
1245 1863 1339 1898 tole-
1361 1864 1386 1900 C
1408 1862 1506 1898 renis
1523 1863 1708 1908 coelestia,
1730 1875 1801 1912 pro
1827 1860 2102 1911 temporalibus
2126 1860 2419 1897 aete1·na?Alio—

332 1911 488 1950 rabilius
509 1925 564 1952 est
580 1917 652 1954 hoc
669 1919 798 1957 audire
817 1921 862 1957 de
879 1922 944 1958 illo
958 1951 966 1967 ,
982 1936 1096 1971 quam
1114 1924 1243 1960 vivere
1259 1924 1339 1960 sine

329 1972 407 2009 illo.
431 1975 547 2012 Cedat
567 1990 658 2025 ergo
688 1992 790 2016 nunc
816 1981 993 2018 honestas
1020 1983 1190 2028 utilitati,
1214 1983 1341 2033 pudor

334 2036 559 2073 necessitati.
578 2039 676 2075 Malo
692 2054 767 2076 non
787 2055 942 2091 parcere
956 2044 1196 2080 verecundiae
1215 2044 1337 2095 pueri,

331 2106 443 2141 quam
463 2097 666 2134 miserabili
682 2099 877 2148 subjacere
901 2103 1072 2139 tristitiae.

389 2156 424 2190 6.
448 2156 703 2204 Acquiescens
731 2160 856 2210 itaque
878 2163 1036 2199 consilio
1062 2164 1207 2209 carnis,
1228 2164 1343 2200 ratio-

336 2215 394 2251 nis
425 2214 566 2254 oblitus
597 2227 634 2254 et
664 2219 776 2269 legis,
805 2230 983 2271 tanquam
1015 2224 1074 2260 leo
1110 2233 1264 2273 paratus
1295 2224 1343 2260 ad

335 2275 503 2323 praedam
517 2278 542 2322 3,
563 2287 599 2313 et
619 2279 715 2315 sicut
733 2281 848 2317 lvaena
871 2291 979 2332 rapto
997 2283 1122 2319 catulo
1141 2284 1292 2333 rapiens
1306 2292 1344 2319 ct

337 2336 511 2383 rugiens,
533 2351 636 2375 sacra
663 2353 738 2376 non
769 2342 933 2387 veritus,
963 2351 1180 2380 sanctorum
1205 2344 1343 2393 irrupit

338 2395 617 2442 babitaculum,
647 2400 685 2435 in
719 2414 796 2450 quo
833 2402 1066 2439 tirunculum
1097 2416 1207 2439 suum
1233 2404 1343 2441 Chri-

338 2464 416 2492 stus
451 2456 700 2496 absconderat
732 2474 753 2496 a
777 2463 1078 2500 contradictione
1107 2464 1342 2512 linguarum,

337 2517 581 2564 postmodum
612 2519 849 2557 admixturus
879 2523 1071 2559 consortio
1097 2524 1344 2572 Angelorum.

338 2577 481 2622 Quaerit
511 2591 552 2613 ac
584 2578 726 2628 flagitat
757 2580 864 2617 reddi
899 2582 970 2618 sibi
1003 2591 1182 2632 nepotem
1212 2595 1345 2627 suum,

1405 1922 1497 1971 quin
1519 1930 1672 1971 oportet
1689 1930 1724 1957 te
1746 1922 1894 1957 solvere
1914 1929 2003 1957 vota
2023 1929 2108 1966 tua,
2125 1933 2211 1970 quae
2230 1919 2418 1956 distinxe-

1406 1990 1497 2018 runt
1512 1981 1610 2018 labia
1627 1990 1700 2018 tua.
1719 1985 1824 2017 Juste
1838 1981 2005 2030 exigitur
2021 1981 2067 2017 ad
2084 1980 2312 2017 solvendum
2325 2008 2335 2026 ,
2353 1979 2419 2029 qui

1408 2055 1485 2078 non
1509 2042 1659 2091 cogitur
1683 2042 1729 2078 ad
1749 2041 1970 2078 vovendum
1993 2056 2000 2078 :
2024 2054 2111 2078 nam
2133 2041 2201 2077 etsi
2223 2053 2308 2077 cum
2329 2040 2420 2090 pul-

1408 2115 1528 2148 sares,
1548 2115 1625 2138 non
1642 2102 1787 2151 repuli3
1808 2110 1933 2138 tamen
1952 2109 1996 2138 ut
2016 2102 2176 2138 intrares
2192 2129 2201 2147 ,
2224 2113 2301 2137 non
2316 2113 2422 2136 com-

1408 2162 1501 2211 puli.
1535 2165 1618 2198 Non
1660 2162 1745 2198 licet
1787 2175 1878 2211 ergo
1912 2160 2104 2197 dimittere
2139 2160 2244 2210 quod
2283 2167 2422 2210 sponte

1410 2221 1617 2270 promisisti
1640 2235 1647 2257 :
1670 2234 1749 2257 non
1778 2229 1835 2257 est
1865 2221 1919 2258 fas
1946 2220 2140 2270 requirere
2174 2232 2260 2269 quae
2285 2232 2355 2268 per
2386 2226 2422 2254 te

1411 2282 1596 2318 dimisisti.
1636 2285 1691 2318 En
1734 2290 1941 2330 utrumque
1970 2288 2141 2316 vestrum
2176 2290 2419 2329 praemoneo,

1410 2342 1563 2392 utrique
1579 2341 1782 2378 salubriter
1797 2341 1967 2377 consulo,
1988 2343 2066 2386 Tu,
2087 2339 2212 2388 inquit
2231 2337 2279 2375 ad
2299 2350 2422 2374 avun-

1412 2403 1538 2438 culum
1550 2432 1559 2449 ,
1578 2402 1788 2451 regularem
1806 2413 1854 2437 nc
1875 2400 2033 2437 reducas
2049 2399 2096 2436 ad
2112 2399 2316 2445 saeculum3
2335 2397 2424 2447 quia

1413 2461 1443 2497 si
1467 2460 1636 2506 reducis,
1664 2459 1811 2496 seducis
1834 2472 1946 2508 quem
1971 2466 2186 2508 apostatare
2214 2457 2316 2494 facis.
2346 2460 2422 2503 Tu,

1414 2521 1615 2569 regularis,
1634 2520 1853 2556 saecularem
1884 2532 1931 2555 ne
1951 2518 2139 2568 sequaris;
2157 2517 2247 2567 quia
2266 2517 2296 2554 si
2316 2517 2424 2554 illum

1414 2580 1596 2629 sequeris,
1615 2593 1673 2616 me
1689 2579 1942 2629 persequeris,
1957 2579 2017 2615 cui
2034 2578 2080 2615 de
2097 2587 2132 2615 te
2146 2578 2230 2628 ipso
2243 2576 2424 2626 injuriam

337 2637 511 2684 queritur
529 2647 566 2674 et
585 2640 721 2676 clamat
749 2639 888 2689 injuste
915 2655 953 2678 se
980 2641 1026 2678 ab
1054 2642 1119 2678 illo
1147 2641 1320 2678 relictum
1334 2670 1342 2686 ,
1363 2647 1395 2681 D
1416 2640 1515 2676 sacis.
1537 2643 1592 2675 Tu
1611 2639 1639 2675 si
1661 2639 1856 2675 seduxeris
1877 2638 2041 2675 animam
2064 2651 2134 2688 pro
2154 2649 2228 2687 qua
2252 2645 2427 2674 mortuus

339 2696 487 2733 Christo
501 2699 728 2736 reclamante
739 2709 775 2736 et
790 2700 960 2737 dicente:
980 2701 1080 2749 Quid
1099 2702 1189 2750 agis,
1211 2702 1346 2737 miser?

342 2756 435 2804 quid
468 2757 580 2793 suris?
602 2758 694 2807 quid
725 2772 784 2796 ine
811 2761 1074 2809 pcrsequcris?
1094 2764 1178 2798 aon
1208 2761 1350 2796 suflicit

341 2816 427 2861 tibi,
460 2818 562 2866 quod
603 2827 703 2855 tuam
717 2835 727 2864 ·,
758 2828 899 2869 tuoque
931 2822 1108 2870 exemplo
1141 2822 1347 2857 multorum

343 2877 433 2912 mihi
462 2879 606 2915 aniinas
628 2880 780 2925 tuleris,
814 2881 843 2916 si
871 2894 947 2917 non
981 2882 1093 2918 ctiam
1122 2882 1224 2917 hune
1257 2894 1350 2917 ausu

345 2937 525 2986 sacrilego
558 2938 681 2987 rapias
713 2939 758 2976 de
788 2953 902 2976 manu
933 2943 1045 2977 inea?
1066 2945 1150 2978 Bon
1175 2941 1283 2977 times
1310 2949 1349 2976 tu

343 2996 511 3033 futurum
553 2996 768 3046 judicium?
815 3013 861 3035 an
905 3001 1117 3037 contemnis
1165 3009 1350 3037 terrorem

343 3058 494 3092 meum?
516 3059 583 3094 Cui
605 3057 676 3094 hoc
698 3059 812 3095 facis?
833 3060 892 3096 cui
912 3059 1051 3097 bellum
1074 3060 1232 3097 indicis?
1257 3064 1350 3097 Ter-

342 3116 445 3154 ribili
474 3118 629 3167 utique,
654 3127 691 3156 et
717 3121 751 3156 ei
772 3121 837 3170 qui
858 3121 981 3157 aufert
1008 3121 1181 3170 spiritum
1211 3121 1353 3170 princi-

1415 2712 1518 2744 sum,
1546 2700 1669 2735 crucis
1699 2713 1791 2735 meae
1828 2708 1862 2736 te
1892 2699 2090 2736 constituis
2119 2698 2329 2735 inimicum.
2353 2697 2427 2745 Qui

1416 2759 1516 2795 enim
1536 2748 1611 2795 n'on
1633 2760 1777 2809 colligit
1803 2773 1950 2797 mecum
1966 2789 1975 2806 ‚
2006 2759 2190 2810 dispergit
2212 2758 2264 2803 ¹43
2281 2765 2428 2808 quanto

1417 2820 1534 2867 inagis
1551 2819 1614 2867 qui
1636 2820 1816 2856 collectos
1835 2819 2112 2869 ‹lispergiti''l'u
2125 2831 2218 2854 vero
2235 2817 2266 2854 si
2286 2817 2321 2853 ei
2338 2829 2428 2853 con-

1418 2879 1534 2915 sentis
1547 2907 1556 2924 ,
1576 2891 1597 2914 a
1612 2892 1669 2915 ine
1689 2878 1884 2925 dissentis,
1903 2879 1992 2928 quia
2009 2879 2075 2928 qui
2095 2880 2171 2915 non
2189 2885 2245 2914 est
2261 2889 2426 2922 mecum,

1419 2947 1552 2975 contra
1570 2952 1629 2975 me
1646 2948 1702 2976 cst
1717 2938 1757 2976 ¹5.
1779 2943 1932 2988 Quanto
1953 2940 2069 2989 magis
2089 2938 2154 2988 qui
2169 2950 2319 2975 mecum
2341 2937 2430 2982 fuit,

1418 2999 1446 3034 si
1470 3012 1528 3035 me
1547 2999 1704 3046 deserit,
1725 3008 1858 3036 contra
1877 3013 1937 3036 me
1957 3001 2039 3037 est?
2055 3003 2111 3036 Tu
2128 2998 2158 3035 si
2177 2996 2432 3034 circumvenis

1418 3059 1619 3109 parvulum
1651 3060 1717 3108 qui
1738 3059 1784 3096 ad
1811 3074 1869 3096 me
1898 3059 2026 3104 venit,
2049 3058 2229 3095 seductor
2254 3057 2297 3094 ac
2316 3055 2431 3093 sacri-

1420 3120 1524 3168 legus
1539 3118 1772 3167 judicaberis
1790 3135 1796 3156 ι
1817 3128 1855 3156 tu
1873 3132 1964 3156 vero
1982 3119 2011 3155 si
2033 3117 2138 3168 quod
2156 3117 2430 3162 aedificaveras,

393 3258 404 3272 ¹
423 3254 498 3283 Luc.
515 3264 581 3288 xu,
606 3257 658 3285 20.
678 3273 720 3277 ——
738 3261 750 3276 ²
767 3255 847 3286 Psal.
871 3267 994 3293 cxmn,
1022 3258 1074 3287 13.
1092 3275 1135 3277 -
1151 3253 1164 3277 3
1180 3255 1258 3286 l‘sal.
1274 3266 1351 3293 ΧΠ,
1375 3256 1423 3284 12.
1439 3271 1481 3275 —
1512 3254 1613 3284 —il’saL
1632 3264 1730 3291 mxxv,
1750 3256 1801 3284 13.
1818 3272 1860 3276 -
1880 3250 1893 3274 ⁵
1910 3252 2005 3284 Eccli.
2025 3263 2085 3289 vu,
2102 3253 2155 3283 40.
2171 3268 2214 3274 ——
2230 3247 2246 3272 6
2260 3252 2340 3282 Gen.
2354 3260 2434 3285 xix,

347 3308 399 3336 520.
416 3325 458 3328 —
478 3313 490 3336 7
509 3310 582 3337 Luc.
600 3319 632 3337 ix
647 3332 653 3344 ,
672 3312 726 3338 09..
745 3326 785 3330 -—
802 3308 815 3330 ⁸
832 3309 907 3339 Psal.
924 3321 1012 3338 xxxv
1028 3333 1035 3344 ,
1060 3312 1092 3340 4.
1121 3326 1153 3330 —-
1168 3315 1184 3338 9
1206 3308 1284 3340 l‘sal.
1304 3319 1409 3338 xxxix
1424 3331 1430 3343 ,
1451 3310 1479 3337 ἰ).
1495 3324 1538 3328 —-
1555 3313 1582 3327 ¹¹¹
1597 3307 1677 3338 l‘sal.
1695 3319 1746 3336 riv
1761 3331 1768 3345 ,
1785 3311 1840 3337 ¹22.
1857 3325 1899 3328 fl
1918 3312 1944 3327 ¹¹
1963 3306 2043 3337 Psal.
2061 3317 2094 3343 x,
2113 3307 2145 3344 7,
2159 3307 2193 3336 0.
2209 3322 2254 3327 -—
2277 3302 2430 3334 ”Calah

346 3370 372 3394 ι,
397 3363 446 3390 16.
468 3380 508 3383 --
535 3359 1121 3400 ¹51)‹·1.1‚xx›,11,'12--0-13'151211111,
1146 3374 1212 3399 xii,
1232 3365 1285 3393 330.
1315 3381 1333 3384 ⁷-

1369 3359 1395 3382 ¹⁵³
1416 3360 1496 3391 lbid.
