2517 3920
307 191 401 227 1487

1071 187 1106 222 S.
1140 186 1393 221 BERNARDI
1422 184 1627 219 ABBATIS

2288 181 2385 219 1488

299 282 385 305 cum
415 267 632 317 xcspertina
648 265 727 315 jam
748 264 934 301 solemnia
954 264 991 300 in
1020 263 1177 299 ecclesia
1208 260 1361 298 cele-⁶⁷⁰
1375 260 1441 311 qui
1462 259 1688 297 extenderet
1708 271 1877 294 manum.
1905 261 1998 294 Nam
2019 265 2057 294 et
2078 257 2108 294 is
2127 271 2302 307 quoque,
2323 260 2388 309 qui

301 328 430 364 brarct
450 327 617 364 Antistes
645 339 732 363 cum
753 325 935 362 universo
957 325 1060 361 clero
1079 332 1116 360 et
1137 323 1311 359 multitu—
1329 322 1356 356 A
1377 329 1492 371 caput
1511 320 1662 356 malitiae
1675 318 1893 365 videbatur,
1908 319 2070 368 assurgit
2084 318 2117 355 ei
2131 319 2259 368 potius
2274 333 2387 368 quam

302 388 391 425 dine
420 388 576 438 populi,
610 387 725 424 mittit
756 386 803 424 ad
835 386 961 436 ipsum
991 397 1155 434 nequam
1188 383 1250 419 ille
1274 383 1310 419 in

306 448 431 486 verbis
452 448 620 498 pacificis
642 448 679 484 in
701 447 811 494 dolo,
836 458 976 495 rogans
995 452 1186 494 quatenus
1204 442 1251 479 ad
1275 455 1313 478 se

303 509 482 559 dignetur
504 507 754 553 descendere,
778 516 821 544 ut
838 506 948 543 faciat
968 517 1112 555 pac-em.
1134 507 1313 552 Respon-

304 568 483 606 dentibus
503 569 570 618 qui
590 567 817 606 assistebant
832 595 841 613 ‚
865 567 989 616 ipsum
1008 564 1137 615 potius
1157 562 1204 599 ad
1225 561 1317 611 Epi-

308 639 467 681 scopum
496 629 636 666 debere
661 628 815 674 venire3
839 626 1036 664 ecclesiam
1055 637 1135 662 esse
1158 634 1318 672 compe-

310 692 512 728 tentiorem
547 691 675 726 locum
714 686 910 724 firmandae
945 685 1049 736 pacis
1085 699 1092 720 :
1127 681 1317 732 siquidem

308 758 587 802 praesenserant
628 750 773 786 dolum.
818 745 1065 796 Subjungunt
1109 744 1175 794 qui
1214 742 1319 779 missi

307 821 433 858 erant,
449 812 521 848 hoc
540 819 663 847 tutum
677 822 755 845 non
769 821 849 844 esse
866 805 1033 856 principi
1052 819 1059 840 :
1081 804 1215 839 timere
1231 815 1319 838 eum

307 874 422 923 capiti
442 886 531 918 suo,
554 885 624 907 nec
645 883 684 906 se
706 868 862 905 credere
887 865 1030 911 turbis,
1058 878 1144 914 quae
1170 877 1209 900 se
1232 871 1320 899 ante

308 935 377 970 lios
409 933 489 969 dies
518 944 630 968 causa
657 927 837 979 Episcopi
866 924 1152 977 propemodum
1172 923 1318 959 intere-

309 996 474 1031 missent.
494 990 824 1030 Contendentibus
849 988 889 1024 in
910 987 1013 1023 hunc
1041 984 1198 1021 modum
1216 1013 1225 1030 ,
1248 982 1321 1019 illis

1379 381 1552 431 insurgit.
1576 380 1673 426 Ubi,
1695 393 1844 429 quaeso,
1877 380 2026 428 signum
2041 408 2051 425 ,
2076 392 2099 415 0
2126 379 2263 425 homo,
2284 380 2389 429 quod

1381 443 1541 480 dederas
1561 442 1599 478 in
1618 449 1781 478 mortem
1796 440 2016 477 Pontificis?
2033 442 2116 476 Hoc
2136 439 2254 489 magis
2266 439 2391 477 hono-

1382 505 1433 539 ris
1454 503 1604 552 signum
1618 529 1628 546 ,
1650 513 1765 550 quam
1786 499 1921 536 mortis
1936 499 2136 536 indicium.
2158 499 2317 536 Deferre
2336 508 2393 537 est

1382 563 1475 608 hoc,
1510 575 1588 599 non
1619 568 1782 597 mortem
1813 560 1967 597 inferre.
2005 563 2080 597 Res
2108 560 2224 596 mira!
2259 572 2392 610 pacem

1383 623 1573 668 offerunt,
1599 621 1665 672 qui
1685 634 1817 658 necem
1841 629 2082 671 paraverant.
2105 624 2191 658 Non
2211 628 2268 657 est
2289 619 2394 670 quod

1385 683 1548 729 abnuat,
1575 684 1641 732 qui
1671 691 1709 718 et
1740 681 1828 718 vitae
1859 681 2032 732 periculo
2064 681 2266 731 quaesierat
2296 693 2392 718 eam.

1385 749 1518 794 Itaque
1549 744 1645 780 facta
1676 752 1731 780 est
1758 756 1851 793 pax,
1879 751 2013 779 ettam
2044 743 2174 788 firma,
2198 750 2241 779 ut
2261 741 2312 779 ab
2330 741 2395 779 illa

1388 804 1449 841 die
1481 804 1630 841 hostem
1652 803 1837 840 Sacerdos
1868 817 1945 840 non
1979 803 2097 840 modo
2127 811 2305 853 pacatum
2326 802 2395 840 ha-

1387 864 1535 910 buerit,
1558 864 1624 901 sed
1645 864 1841 901 subditum
1861 894 1870 911 ‚
1899 864 1966 901 sed
1987 864 2186 901 devotum.
2217 867 2304 912 Quo
2330 877 2398 901 au—

1388 925 1495 971 dito,
1527 925 1660 962 fideles
1694 925 1836 975 quique
1869 926 1989 975 gavisi
2021 934 2139 971 sunt,
2177 924 2283 975 quod
2320 937 2398 962 non

1388 986 1504 1023 modo
1528 986 1693 1023 salvatus
1711 986 1759 1023 sit
1778 986 1932 1036 sanguis
1952 985 2134 1023 innoxius
2159 985 2199 1023 in
2224 986 2285 1023 die
2305 986 2370 1023 illa
2387 1001 2397 1032 ;

307 1054 462 1105 quidem
492 1060 533 1089 ut
562 1051 658 1097 iret,
689 1049 770 1086 istis
799 1061 892 1084 vero
914 1060 960 1083 ne
988 1046 1080 1091 iret3
1105 1043 1319 1094 Episcopus
1339 1050 1367 1084 B
1387 1046 1452 1083 sed
1483 1055 1520 1084 et
1541 1047 1763 1083 nocentium
1793 1047 2002 1083 multorum
2028 1046 2185 1094 animae,
2206 1045 2405 1083 Malachiae

307 1116 470 1166 cupidus
487 1113 611 1165 pacis,
627 1120 664 1148 et
679 1110 813 1147 mortis
827 1122 904 1146 non
922 1107 1077 1144 timidus
1097 1121 1104 1142 ε
1123 1123 1136 1136 0
1155 1105 1293 1150 Sinite,
1306 1121 1321 1137 »

308 1177 433 1226 inquit
449 1205 458 1220 ,
486 1194 500 1207 «
533 1174 690 1217 fratres,
715 1171 825 1208 sinite
853 1183 914 1206 me
934 1167 1075 1205 imitari
1099 1166 1321 1215 Magistrum

311 1259 324 1272 »
344 1251 484 1274 meum.
516 1236 604 1274 Sine
625 1246 737 1270 causa
767 1245 850 1269 sum
880 1230 1130 1274 christianus,
1154 1227 1182 1264 si
1211 1226 1323 1264 Chri-

309 1320 323 1333 »
341 1309 440 1337 stum
470 1311 546 1335 non
576 1308 728 1345 sequor.
750 1297 864 1331 Forte
888 1291 1000 1327 flecto
1022 1289 1235 1326 humilitate
1258 1295 1319 1337 ty-

310 1382 323 1395 »
344 1373 527 1405 rannum3
547 1366 584 1394 et
605 1357 634 1393 si
654 1369 729 1392 non
745 1383 754 1399 ,
773 1354 888 1390 vinco
911 1360 1037 1388 tamen
1056 1348 1241 1387 exhibens
1255 1349 1321 1385 ovi

307 1443 321 1456 »
339 1430 482 1473 pastor,
497 1417 674 1456 sacerdos
686 1416 801 1461 laico,
817 1413 921 1464 quod
936 1412 1028 1449 milii
1045 1412 1107 1448 ille
1120 1410 1318 1448 debuerat.

310 1504 324 1518 »
343 1489 418 1522 Vos
447 1493 628 1532 quoque,
665 1476 770 1528 quod
802 1476 840 1513 in
870 1488 930 1511 me
960 1482 1039 1518 cst,
1074 1486 1151 1509 non
1182 1485 1320 1522 parum

311 1566 324 1579 ›,
342 1545 489 1582 aedilico
515 1540 696 1590 exemplo
717 1538 792 1575 tali.
816 1535 917 1584 Quid
945 1534 1047 1572 enim
1070 1534 1100 1570 si
1122 1533 1321 1582 contingat

309 1626 322 1639 ›»
344 1604 495 1643 occidi?
517 1606 601 1640 Non
624 1613 758 1637 recuso
780 1598 901 1643 mori,
925 1605 967 1633 ut
987 1608 1057 1632 vos
1077 1595 1165 1631 vitae
1189 1607 1238 1630 ex
1260 1607 1320 1630 me

309 1688 321 1701 n
343 1665 501 1703 teneatis
533 1662 767 1711 exemplum.
801 1663 965 1709 Oportet
998 1656 1245 1706 episcopum,
1279 1663 1322 1691 ut

310 1750 322 1760 ιι
342 1728 393 1764 ait
423 1726 696 1776 episcoporum
720 1720 922 1769 Princeps,
953 1730 1032 1753 non
1064 1715 1253 1752 dominari
1282 1715 1321 1751 in

312 1808 325 1821 ›·
344 1789 466 1832 clero,
488 1784 553 1822 sed
585 1784 746 1819 sormam
779 1779 858 1816 {ieri
881 1777 1004 1828 gregis
1019 1783 1043 1812 ¹.
1078 1775 1190 1812 Haud
1211 1775 1322 1811 aliam

1389 1107 1534 1144 meritis
1550 1135 1559 1152 ,
1584 1107 1776 1144 evaserint
1798 1106 1844 1143 ad
1869 1106 2043 1143 salutem.
2071 1110 2120 1144 Et
2147 1105 2404 1157 apprehendit

1389 1182 1523 1206 omnes
1538 1168 1838 1218 circumquaque
1853 1168 1980 1214 timor,
1994 1167 2193 1204 audientes
2206 1165 2405 1217 quomodo

1389 1229 1486 1267 duos
1508 1229 1752 1266 inimicorum
1773 1227 1872 1278 ejus,
1897 1228 1964 1278 qui
1985 1228 2216 1265 viderentur
2242 1227 2405 1264 ferocio-

1389 1305 1449 1329 res
1481 1300 1517 1329 et
1551 1291 1730 1327 fortiores
1757 1290 1796 1326 in
1817 1289 2065 1340 generatione
2086 1302 2173 1335 sua,
2199 1289 2251 1326 sic
2281 1286 2407 1325 subita

1386 1353 1528 1389 virtute
1558 1351 1770 1402 prostravit
1788 1355 1891 1388 Deus
1912 1365 1920 1387 :
1947 1350 2063 1388 istum
2084 1351 2243 1401 loquor,
2267 1349 2334 1399 qui
2364 1349 2404 1386 in

1388 1412 1564 1451 manibus
1586 1421 1662 1458 est,
1686 1420 1723 1449 et
1745 1425 1833 1449 eum
1861 1411 1908 1448 de
1928 1425 2006 1461 quo
2023 1411 2199 1462 superius
2225 1410 2317 1447 dixi.
2337 1410 2404 1449 Al-

1388 1484 1510 1512 terum
1529 1473 1633 1511 enim
1661 1472 1883 1510 terribiliter
1907 1473 2133 1509 mulctatum
2151 1471 2190 1508 in
2213 1483 2377 1522 corpore
2392 1499 2404 1517 ,

1388 1537 1548 1573 alterum
1569 1534 1868 1572 misericorditer
1889 1541 2075 1570 mutatum
2097 1533 2136 1569 in
2160 1532 2299 1580 corde,
2320 1545 2402 1569 am-

1388 1596 1458 1633 bos
1481 1595 1706 1633 mirabiliter
1727 1593 2022 1645 comprehendit
2041 1594 2079 1630 in
2101 1593 2268 1630 consiliis
2283 1621 2292 1639 ,
2316 1605 2405 1643 quae

1389 1656 1620 1707 cogitabant.

1445 1718 1507 1755 27.
1531 1717 1598 1754 His
1628 1717 1680 1753 ita
1709 1716 1896 1767 peractis,
1920 1715 2037 1766 coepit
2061 1714 2141 1765 jam
2174 1714 2213 1751 in
2247 1713 2404 1751 civitate

1390 1779 1604 1829 Episcopus
1634 1786 1713 1814 tota
1736 1777 1910 1814 libertate
1935 1776 2141 1826 disponere
2164 1783 2202 1812 et
2222 1774 2403 1812 ordinare

311 1870 324 1881 ,.
344 1861 434 1885 sane
462 1847 643 1889 formam,
673 1854 788 1891 quam
821 1838 867 1876 ab
898 1838 962 1874 illo
991 1836 1227 1886 accepimus,
1258 1836 1324 1885 qui
1343 1843 1370 1879 C
1391 1839 1437 1876 de
1452 1838 1632 1875 omnibus
1651 1837 1932 1888 pertinentibus
1947 1837 1993 1874 ad
2007 1836 2259 1873 ministerium
2277 1847 2405 1882 suum,

309 1929 323 1943 υ
342 1906 560 1945 humiliavit
584 1903 849 1952 semetipsum,
868 1900 988 1936 factus
1002 1897 1186 1934 obediens
1200 1910 1322 1946 usque

310 1970 389 2007 »ad
423 1975 597 2004 mortem.
632 1964 724 2012 Quis
757 1961 849 1998 mihi
881 1960 946 1996 det
976 1959 1073 1995 hanc
1103 1958 1321 2006 relinquere

312 2050 326 2065 »
345 2030 431 2067 111115
468 2028 653 2077 signatam
689 2022 873 2071 sanguine
907 2032 993 2056 meo
1014 2020 1028 2054 Ρ
1064 2017 1323 2067 Experiemini

311 2111 325 2125 »
347 2098 448 2128 certe
463 2118 471 2134 ‚
492 2101 539 2125 an
561 2084 738 2122 sacerdos
758 2089 885 2118 vester
899 2079 1012 2128 digne
1028 2078 1117 2115 satis
1135 2091 1155 2114 a
1172 2077 1322 2115 Christo

312 2172 326 2185 »
345 2150 539 2194 didicerit,
568 2153 729 2182 mortem
758 2156 837 2179 non
861 2142 993 2178 timere
1022 2153 1094 2190 pro
1118 2139 1283 2176 Christo.
1306 2157 1320 2172 »

309 2218 356 2251 Et
376 2222 554 2260 surgens,
577 2206 693 2256 cocpit
713 2205 768 2240 ire
793 2201 976 2240 flentibus
997 2200 1143 2237 cunctis
1164 2209 1200 2237 et
1230 2214 1322 2250 sup-

310 2270 542 2325 plicantibus
559 2297 568 2315 ,
602 2280 650 2303 ne
685 2273 833 2302 tantum
868 2270 1027 2312 cuperet
1061 2274 1133 2311 pro
1169 2261 1321 2299 Christo

309 2332 429 2377 mori,
450 2338 493 2367 ut
515 2336 663 2365 tantum
684 2323 824 2363 Christi
847 2335 1001 2373 gregem
1025 2322 1238 2358 desolatum
1258 2335 1321 2359 re-

310 2396 511 2443 linqueret.

363 2455 424 2492 26.
445 2456 587 2489 Verum
610 2449 675 2485 ille
702 2455 821 2484 totam
846 2458 953 2496 spem
975 2457 1082 2482 suam
1107 2444 1320 2494 ponensjn

308 2515 474 2554 Domino
490 2542 499 2558 ,
516 2519 596 2548 tota
612 2508 806 2546 alacritate
823 2506 1015 2557 perrexit,
1035 2505 1156 2542 tribus
1171 2513 1321 2542 tantum

309 2577 511 2614 comitatus
531 2571 752 2622 discipulis,
773 2568 914 2620 paratis
932 2568 1031 2605 mori
1048 2581 1135 2604 cum
1156 2581 1203 2604 eo
1223 2583 1231 2605 :
1254 2569 1321 2618 (1111

1389 1914 1466 1937 11011
1497 1909 1624 1936 tamen
1652 1899 1732 1936 sine
1752 1899 1939 1935 continuo
1961 1897 2182 1935 discrimine
2204 1896 2293 1933 vitae
2313 1909 2403 1933 suae.

1389 1965 1483 1999 Nam
1503 1961 1573 1997 etsi
1587 1959 1665 2010 jani
1694 1973 1809 1997 nemo
1830 1960 1895 2010 qui
1917 1959 2044 2010 palam
2072 1965 2253 2004 noceret,
2277 1956 2324 1994 ab
2344 1957 2404 1994 in—

1390 2021 1615 2058 sidiantibus
1633 2030 1758 2058 tamen
1776 2034 1845 2058 nec
1862 2021 1968 2058 locus
1984 2020 2073 2057 satis
2090 2027 2194 2056 tutus
2212 2018 2404 2070 Episcopo

1389 2091 1470 2119 erat
1485 2112 1494 2129 ,
1517 2095 1587 2119 nec
1608 2090 1761 2132 tempus
1784 2081 1974 2118 feriatum.
1997 2084 2044 2117 Et
2065 2079 2237 2130 deputati
2259 2087 2350 2116 sunt
2368 2077 2404 2115 ei

1389 2143 1461 2179 viri
1482 2142 1619 2179 armati
1645 2141 1691 2179 ad
1714 2141 1926 2179 custodiam
1951 2140 2012 2177 die
2033 2149 2070 2177 et
2090 2147 2204 2176 nocte
2225 2154 2233 2176 :
2255 2138 2322 2176 sed
2341 2138 2404 2175 ille

1389 2203 1507 2253 magis
1530 2203 1569 2239 in
1594 2202 1761 2239 Domino
1788 2201 2020 2239 confidebat.
2046 2201 2133 2240 Fuit
2159 2213 2253 2237 vero
2280 2199 2404 2236 consi-

1390 2265 1480 2301 lium
1499 2295 1506 2309 ‚
1525 2265 1726 2314 praefatum
1745 2263 2026 2301 schismaticum
2049 2261 2216 2312 insequi,
2234 2274 2281 2297 eo
2298 2259 2403 2310 quod

1388 2326 1588 2363 seduceret
1625 2325 1766 2361 multos
1797 2337 1844 2361 ex
1878 2323 2092 2373 insignibus
2122 2335 2208 2372 quae
2239 2319 2402 2367 ferebat,

1388 2386 1553 2423 suadens
1575 2385 1755 2422 omnibus
1771 2385 1994 2435 episcopum
2017 2397 2056 2421 se
2075 2397 2156 2421 esse
2182 2382 2345 2429 debere3
2366 2391 2404 2419 et

1388 2447 1440 2484 sic
1456 2447 1664 2484 sollicitans
1680 2445 1813 2497 plebes
1828 2445 2011 2483 adversus
2028 2444 2250 2483 Malachiam
2264 2473 2273 2489 ‚
2288 2451 2404 2493 atque

1389 2507 1566 2545 Ecclesiae
1587 2507 1785 2544 unitatem.
1804 2510 1851 2544 Et
1875 2506 1962 2543 fecit
1979 2506 2031 2543 sic
2052 2521 2060 2544 :
2080 2514 2117 2543 et
2134 2505 2216 2542 sine
2237 2505 2403 2543 difficul-

1390 2577 1464 2605 tate
1482 2569 1533 2605 ita
1550 2568 1589 2604 in
1609 2567 1719 2604 brevi
1741 2567 1940 2605 universas
1961 2567 2099 2617 sepivit
2122 2567 2202 2604 vias
2225 2565 2309 2616 ejus
2333 2581 2404 2618 per

308 2648 349 2676 ut
377 2637 522 2674 calcato
542 2632 674 2669 limine
698 2630 836 2667 domus
856 2637 1015 2679 repente
1042 2641 1082 2665 se
1112 2627 1240 2664 medio
1260 2628 1320 2664 in-
1336 2630 1370 2664 D
1388 2629 1546 2679 gratiam
1567 2628 1638 2666 sibi
1656 2642 1676 2665 a
1696 2628 1864 2666 Domino
1882 2627 2007 2664 datam
2021 2657 2030 2673 ‚
2049 2636 2087 2664 et
2103 2640 2217 2677 quam
2236 2626 2402 2664 habebat

309 2698 394 2736 tulit
414 2703 668 2738 armatorum,
690 2699 799 2727 scuto
815 2689 902 2726 fidei
917 2689 998 2739 ipse
1017 2689 1212 2735 munitus;
1233 2702 1322 2725 con-

310 2758 435 2796 cidere
455 2755 567 2792 facies
593 2751 766 2790 omnium
780 2779 789 2796 ,
813 2750 902 2800 quia
919 2763 1042 2800 pavor
1062 2749 1175 2786 irruit
1205 2762 1323 2799 super

310 2833 397 2865 cos,
418 2819 468 2854 ita
488 2825 531 2853 ut
551 2814 677 2851 dicere
700 2820 830 2863 posset
846 2811 1061 2861 Episcopus
1075 2839 1084 2856 ,
1110 2811 1186 2857 Qui
1206 2810 1323 2847 triba-

309 2883 388 2915 lmzs
404 2892 460 2913 me
476 2879 623 2912 inimici
643 2877 717 2909 mei
729 2903 740 2919 ,
760 2874 832 2921 ipsi
848 2872 1032 2919 &firmati
1044 2880 1153 2915 sunt,
1171 2880 1206 2907 et
1222 2876 1321 2907 ccci-

308 2942 480 2975 [ha-unffi.
506 2938 590 2971 Hoc
616 2933 779 2970 verbum
809 2945 944 2969 verum
974 2940 1042 2969 est.
1069 2931 1228 2969 Videres
1248 2931 1321 2968 ho-

309 3000 417 3037 stiam
434 3005 596 3034 stantem
611 3024 619 3040 ,
637 2995 833 3030 carnifices
849 2994 951 3030 ferro
969 2993 1125 3030 armatis
1145 2992 1322 3030 manibus

308 3060 480 3109 undique
497 3057 788 3092 circumstantes
807 3070 815 3091 :
838 3063 876 3091 et
893 3055 959 3104 qui
979 3055 1217 3100 immolaret,
1240 3067 1319 3091 non

307 3130 399 3159 erat.
430 3124 587 3157 Putares
616 3123 770 3165 stupere
798 3115 987 3152 lacertosa
1017 3131 1024 3152 ε
1046 3115 1098 3152 510
1119 3129 1197 3151 11011
1220 3115 1315 3161 fuit,

359 3262 368 3276 ¹
384 3259 397 3286 Ι
416 3258 500 3285 Petr.
521 3264 554 3289 v,
572 3254 602 3283 3.
619 3269 664 3272 -—
681 3254 693 3269 ²
710 3248 790 3279 Psal.
807 3259 907 3284 xxvi,
929 3251 960 3278 2.

1390 2689 1438 2726 ad
1467 2702 1601 2726 omnes
1620 2717 1629 2734 ,
1664 2697 1706 2725 ut
1737 2688 1926 2738 malignus
1955 2688 2018 2725 ille
2047 2696 2202 2724 coactus
2231 2687 2280 2724 sit
2311 2687 2402 2724 dare

1390 2763 1548 2794 manus,
1579 2748 1739 2786 reddere
1760 2748 1945 2798 insignia,
1973 2756 2011 2784 et
2032 2748 2230 2798 quiescere
2247 2747 2294 2784 de
2312 2747 2401 2784 reli—

1389 2823 1467 2860 quo
1494 2810 1533 2846 in
1563 2809 1669 2846 omni
1696 2808 1948 2858 subjectione.
1979 2812 2037 2846 Ita
2059 2808 2287 2853 Malacffias,
2314 2808 2402 2845 licet

1388 2883 1458 2921 per
1486 2871 1603 2907 multa
1633 2869 1803 2920 pericula
1831 2878 1868 2906 et
1895 2868 2063 2915 labores,
2099 2868 2402 2919 prosperabatur

1390 2931 1428 2967 in
1446 2930 1550 2979 dies,
1568 2938 1606 2967 et
1621 2928 1911 2967 confortabatur
1928 2929 2046 2979 magis
2061 2942 2104 2966 ac
2122 2929 2242 2978 magis
2255 2958 2264 2975 ,
2281 2927 2401 2966 abun-

1390 2992 1484 3029 dans
1512 2992 1550 3028 in
1579 3005 1646 3042 spe
1671 2999 1709 3028 ct
1728 2991 1869 3028 virtute
1899 2990 2062 3041 Spiritus
2088 2990 2222 3027 sancti.

348 3321 361 3336 ὃ
383 3314 500 3345 Similia
514 3310 657 3352 exempla
677 3308 773 3339 habes
788 3308 819 3338 iu
840 3306 1029 3346 Ambrosio,
1058 3308 1206 3339 adversus
1221 3309 1453 3347 Maxiinitmtll;
1477 3310 1508 3340 in
1530 3309 1664 3348 Basilio,
1686 3309 1835 3340 adversus
1852 3308 2040 3346 Valenteni;
2064 3307 2095 3338 111
2122 3310 2226 3339 Leone
2252 3310 2394 3350 Magno,

307 3370 455 3400 adxerms
476 3366 624 3401 Attilam3
646 3364 677 3393 in
695 3361 938 3404 Chrysostonm‚
963 3361 1111 3392 adsersus
1131 3362 1264 3393 Gainam
1278 3387 1286 3401 ,
1309 3369 1367 3393 etc.
