2517 3920
357 224 454 261 1335

351 311 429 338 tate
455 316 521 351 ego
547 314 628 338 sum
650 314 661 335 .·
680 307 718 336 et
738 311 890 336 rursum
906 328 916 345 ,
938 300 1083 334 Falcite
1106 311 1166 334 me
1172 295 1390 346 floribus,³⁸

1122 220 1157 256 S.
1188 218 1441 255 BERNARDI
1471 219 1670 253 ABBATIS

2335 223 2433 261 1336

1398 295 1461 333 ⁷in
1488 295 1729 346 plenitudine
1755 296 1939 346 temporis
1958 305 2196 347 apparentes.
2222 302 2344 338 Porro
2363 315 2434 339 au-

352 368 488 412 stipace
516 376 574 398 me
602 363 725 407 malis,
747 365 837 409 quia
855 372 982 395 amore
1000 362 1157 408 langueo
1180 364 1205 394 ¹.
1232 357 1361 396 Cernit
1380 357 1412 390 A
1430 365 1505 393 tem
1523 356 1830 394 Resurrectionis
1846 357 2026 407 insignia,
2046 371 2168 395 novos
2185 358 2342 397 adverte
2362 361 2435 399 flo—

353 436 478 473 regem
507 423 748 461 Salomonem
769 421 806 457 in
836 419 1071 464 diademate,
1095 432 1174 468 quo
1194 431 1360 455 corona-

355 484 409 520 vit
437 496 525 520 eum
554 491 674 519 mater
702 488 819 528 sua23
851 480 974 517 cernit
1009 479 1173 518 Unicum
1207 478 1327 517 Patris
1346 507 1356 524 ,

353 557 506 582 crucem
531 542 602 580 sibi
623 541 878 592 bajulantem3
899 540 1021 577 cernit
1047 552 1186 576 caesum
1207 547 1245 576 et
1265 552 1359 576 con-

354 613 510 655 sputum
530 603 739 641 Dominum
762 600 965 650 maiestatis
981 615 991 646 ;
1012 599 1134 636 cernit
1163 607 1357 636 auctorem

354 667 442 702 vitae
484 673 521 701 et
555 663 686 714 gloriae
725 662 920 699 confixum
961 660 1076 697 clavis
1093 689 1103 705 ‚
1136 672 1359 710 percussum

354 727 483 763 lancea
496 755 505 772 ,
523 723 741 775 opprobriis
759 730 984 767 saturatum,
1009 720 1159 757 tandem
1180 720 1282 757 illam
1303 719 1361 756 di-

354 788 488 824 lectam
518 785 681 822 animam
703 796 810 820 suam
839 794 985 832 ponere
1013 794 1085 831 pro
1116 780 1246 817 amicis
1272 780 1359 817 suis.

355 845 485 884 Cernit
504 845 602 889 haec,
623 852 660 880 et
682 856 789 880 suam
814 841 933 891 magis
949 840 1068 890 ipsius
1089 840 1253 877 animam
1280 839 1361 889 gla-

354 904 439 942 dius
459 900 918 946 amoristransverberat,
940 908 977 936 et
994 900 1085 936 dicit
1107 913 1114 934 :
1136 901 1284 935 Fulcite
1304 912 1363 934 me

342 965 525 1015 floribus,
543 969 680 1013 stipate
697 976 755 998 me
774 964 899 1007 malis,
918 965 1011 1009 quia
1031 973 1159 996 amore
1184 962 1359 1008 langueo.

354 1029 444 1062 Haec
461 1033 550 1062 sunt
571 1023 715 1073 quippe
742 1021 839 1058 mala
858 1020 1000 1070 punica
1013 1047 1023 1064 ,
1045 1032 1131 1070 quae
1150 1019 1190 1056 in
1208 1019 1362 1056 hortum

1427 431 1486 455 res
1521 417 1714 467 sequentis
1749 417 1951 467 temporis,
1980 417 2020 453 in
2049 431 2188 455 novam
2217 418 2289 456 sub
2315 421 2436 470 gratia

1426 477 1691 515 revirescentis
1721 485 1908 523 aestatem,
1936 490 2102 527 quorum
2132 478 2301 516 fructum
2325 493 2437 530 gene-

1425 539 1513 576 ralis
1539 539 1668 575 futura
1697 538 1926 575 resurrectio
1961 538 2000 574 in
2030 538 2105 575 fine
2136 539 2325 588 parturiet
2355 540 2436 578 sine

1426 599 1501 635 fine
1530 610 1764 634 mansurum.
1800 598 1910 644 Jam,
1941 596 2085 647 inquit,
2118 599 2238 635 hiems
2266 604 2436 646 transiit,

1426 659 1543 695 imber
1568 658 1664 695 abiit
1695 667 1732 694 et
1763 662 1933 704 recessit,
1959 660 2078 707 flores
2106 669 2366 708 apparuerunt
2397 665 2435 698 in

1426 729 1527 756 terra
1549 717 1701 755 nostrass
1722 734 1729 756 :
1753 718 1926 756 aestivum
1952 726 2103 769 tempus
2130 719 2329 757 advenisse
2349 733 2437 758 cum

1427 779 1493 816 illo
1509 779 1744 829 significans,
1765 779 1829 828 qui
1852 778 1898 815 de
1921 779 2056 816 mortis
2075 779 2162 829 gelu
2181 779 2222 816 in
2241 780 2434 817 vernalem

1428 839 1632 889 quamdam
1645 852 1754 876 novae
1768 839 1856 876 vitae
1869 840 2092 890 temperiem
2107 840 2311 887 resolutus,
2323 843 2436 887 Ecce,

1428 900 1502 946 ait,
1529 914 1622 935 nova
1649 898 1758 947 jacto
1789 904 1969 937 omnim:
1993 899 2102 949 cujus
2131 914 2221 938 caro
2255 900 2440 938 seminata

1429 967 1486 997 est
1505 960 1543 996 in
1564 968 1705 1006 morte,
1727 959 1902 996 refloruit
1922 960 1962 996 in
1981 961 2288 1007 resurrectione3
2312 960 2361 998 ad
2375 974 2440 998 cu-

1424 1019 1489 1069 jus
1519 1032 1609 1056 mox
1646 1019 1806 1056 odorem
1837 1020 1877 1056 in
1909 1032 2046 1070 campo
2081 1020 2268 1057 convallis
2300 1029 2440 1058 nostrae

353 1085 574 1123 introducta
596 1083 726 1121 dilecti
753 1095 894 1134 sponsa
916 1081 1039 1131 carpit
1058 1093 1105 1117 ex
1132 1080 1236 1130 ligno
1258 1080 1366 1125 vitae,
1382 1081 1411 1116 B
1431 1079 1669 1117 revirescunt
1702 1079 1828 1127 arida,
1857 1080 2095 1117 recalescunt
2115 1079 2269 1130 frigida,
2289 1089 2441 1118 mortua

352 1160 374 1183 a
393 1146 535 1183 coelesti
554 1158 653 1196 pane
672 1144 875 1196 proprium
895 1150 1068 1179 mutuata
1083 1154 1274 1192 saporem,
1298 1154 1364 1177 co—

352 1207 474 1243 lorem
493 1219 513 1242 a
532 1205 715 1255 sanguine
733 1203 885 1242 Christi.
907 1201 1020 1240 Videt
1044 1200 1183 1238 deinde
1201 1208 1364 1237 mortem

354 1274 545 1303 mortuam
564 1295 574 1312 ,
606 1274 645 1302 et
676 1264 812 1302 mortis
849 1272 1044 1301 auctorem
1072 1261 1362 1312 triumphatum.

353 1326 464 1364 Videt
483 1326 530 1363 de
554 1325 686 1362 inferis
707 1325 754 1362 ad
781 1333 900 1361 terras
914 1353 923 1370 ,
942 1323 989 1360 de
1014 1322 1124 1359 terris
1140 1321 1186 1359 ad
1205 1334 1365 1372 superos

352 1386 540 1436 captivam
568 1385 655 1422 duci
675 1384 954 1435 captivitatem,
974 1391 1017 1419 ut
1040 1383 1079 1418 in
1097 1381 1253 1419 nomine
1272 1385 1363 1419 Jesu

352 1459 467 1483 omne
500 1459 600 1496 genu
630 1445 817 1491 flectatur,
838 1443 1049 1481 coelestium
1066 1471 1076 1488 ,
1099 1441 1360 1488 terrestrium,

352 1515 389 1544 et
419 1507 660 1544 infernorum
689 1504 715 1542 3.
738 1505 915 1543 Advertit
935 1513 1099 1550 terram,
1130 1516 1215 1553 quae
1236 1503 1364 1553 spinas

352 1576 389 1604 et
410 1567 573 1604 tribulos
602 1565 672 1603 sub
690 1565 850 1615 antiquo
872 1564 1077 1601 maledicto
1097 1562 1360 1614 produxerat,

351 1627 398 1664 ad
426 1641 537 1664 novae
565 1626 842 1664 benedictionis
867 1625 1027 1675 gratiam
1048 1624 1270 1661 innovatam
1298 1636 1361 1660 re-

352 1688 537 1726 floruisse.
570 1691 618 1725 Et
642 1687 682 1724 in
710 1687 768 1724 his
797 1685 1003 1732 omnibus,
1036 1685 1137 1722 illius
1163 1683 1364 1722 recordata

350 1750 550 1795 versiculi,
581 1752 631 1786 Et
657 1750 826 1796 refloruit
853 1761 938 1783 caro
963 1760 1069 1791 mea,
1097 1754 1135 1781 et
1158 1760 1208 1781 ea:
1223 1748 1363 1781 volcm-

352 1820 426 1846 tate
446 1824 530 1846 mea
551 1809 752 1857 confitebor
774 1812 810 1844 ei
840 1806 879 1853 5¹;
910 1806 1096 1856 passionis
1125 1805 1255 1852 malis,
1277 1818 1362 1855 quae

1432 1139 1677 1177 reviviscunt.

1472 1202 1521 1248 ,9.
1552 1204 1702 1238 Horum
1718 1213 1810 1250 ergo
1830 1200 2000 1237 novitate
2016 1200 2156 1238 florum
2171 1213 2214 1237 ac
2228 1199 2438 1247 fructuum,

1432 1269 1470 1298 et
1500 1258 1819 1312 pulchritudineb
1851 1259 1931 1310 agri
1959 1260 2226 1297 suavissimum
2261 1260 2441 1311 spirantis

1432 1321 1605 1368 odorem,
1627 1322 1708 1372 ipse
1729 1333 1885 1371 quoque
1905 1324 2017 1358 Pater
2046 1320 2086 1357 in
2111 1321 2208 1359 Filio
2231 1320 2442 1358 innovante

1431 1382 1560 1419 omnia
1581 1382 1805 1428 delectatur,
1826 1381 1878 1418 ita
1906 1389 1949 1418 ut
1978 1380 2078 1417 dicat
2099 1395 2108 1418 :
2133 1383 2232 1417 Ecce
2261 1381 2442 1428 odorfilii

1431 1447 1523 1489 mei,
1552 1448 1649 1479 sicat
1663 1444 1758 1479 odor
1776 1446 1859 1491 agri
1876 1444 2004 1491 pleni,
2025 1445 2087 1477 cui
2105 1440 2301 1478 benedixit
2316 1443 2443 1478 Domi-

1430 1502 1537 1540 nasss.
1559 1507 1661 1541 Bene
1690 1503 1818 1554 pleni,
1840 1502 1887 1539 de
1908 1503 2019 1553 cujus
2038 1502 2279 1553 plenitudine
2310 1514 2442 1539 omnes

1430 1563 1656 1614 accepimus.
1675 1566 1822 1614 Sponsa
1839 1571 1967 1600 tamen
1985 1563 2205 1600 familiarius
2224 1576 2273 1600 ex
2290 1575 2337 1600 eo
2356 1561 2441 1608 sibi,

1430 1638 1516 1662 cum
1534 1624 1641 1671 vult,
1663 1624 1778 1661 flores
1801 1623 1913 1673 legit,
1935 1631 1973 1660 et
1992 1622 2116 1673 carpit
2140 1635 2276 1673 poma,
2303 1621 2443 1672 quibus

1429 1686 1598 1736 propriae
1635 1693 1812 1736 aspergat
1842 1684 1976 1721 intima
2008 1684 2251 1721 conscientiae
2271 1712 2282 1730 ,
2314 1692 2352 1721 et
2382 1684 2442 1721 in·

1430 1746 1544 1782 t-ranti
1577 1758 1720 1796 sponso
1755 1743 1882 1782 cordis
1913 1744 2076 1781 lectulus
2109 1757 2225 1781 suave
2257 1743 2440 1781 redoleat.

1429 1808 1591 1855 Oportet
1609 1805 1711 1842 enim
1742 1817 1832 1850 nos,
1856 1804 1887 1841 si
1905 1803 2086 1841 crebrum
2105 1804 2285 1840 volumus
2302 1802 2442 1841 habere

352 1869 398 1906 de
430 1869 567 1907 arbore
596 1869 734 1906 tulerat
754 1867 873 1904 crucis
887 1896 897 1914 ,
925 1866 1031 1917 cupit
1049 1866 1178 1915 vigere
1197 1872 1228 1912 ³,
1257 1874 1295 1902 et
1315 1865 1362 1902 de
1382 1867 1409 1903 C
1429 1865 1618 1915 hospitem
1633 1864 1824 1902 Christum
1837 1892 1846 1909 ,
1859 1863 1976 1901 corda
1988 1872 2121 1901 nostra
2137 1876 2289 1914 semper
2301 1862 2441 1900 hahere

352 1929 511 1967 floribus
532 1927 824 1967 resurrectionis
841 1957 851 1975 ,
872 1939 1037 1977 quorum
1061 1926 1273 1976 praesertim
1292 1926 1362 1962 fra-

351 1990 498 2039 grantia
534 2003 717 2041 sponsum
752 1988 799 2026 ad
836 2001 875 2025 se
911 1986 1081 2024 crebrius
1124 1985 1363 2023 rexisendam

352 2051 500 2088 invitet.

407 2112 442 2148 8.
474 2110 647 2160 Denique
675 2110 727 2147 ait
749 2124 757 2146 :
781 2111 879 2146 Ecce
897 2118 936 2145 ιιι
955 2108 1114 2157 pulcher
1144 2121 1204 2153 es,
1227 2109 1363 2143 dilecte

353 2175 427 2215 mi,
459 2180 494 2207 ec
521 2173 672 2206 decorus
686 2185 701 2214 ‚·
728 2171 880 2205 lectulus
908 2169 1204 2216 nosterflorlclas
1216 2165 1242 2204 ⁵.
1270 2170 1362 2215 Quae

351 2230 532 2268 lectulum
557 2238 744 2267 monstrat
758 2258 767 2275 ,
792 2228 882 2266 satis
899 2228 992 2278 quid
1011 2227 1199 2264 desideret
1214 2226 1359 2277 aperit:

352 2298 498 2327 etcum
525 2289 707 2326 floridum
738 2288 908 2335 nuntiat,
939 2287 1028 2324 satis
1060 2286 1225 2333 indicat,
1257 2286 1359 2323 unde

352 2349 456 2400 quod
486 2350 675 2387 desiderat
706 2348 880 2386 obtinere
905 2356 1123 2399 praesumat.
1152 2351 1237 2385 Non
1258 2347 1361 2384 enim

353 2410 400 2447 de
420 2411 496 2448 suis
523 2410 685 2456 meritis,
707 2409 772 2447 sed
793 2409 840 2446 de
860 2408 1021 2446 floribus
1043 2408 1144 2458 agri,
1165 2408 1227 2445 cui
1246 2406 1361 2445 bene—

353 2471 447 2508 dixit
464 2475 578 2509 Deus.
600 2471 821 2508 Delectatur
834 2468 1007 2520 {floribus
1025 2469 1196 2507 Christus
1208 2497 1218 2515 ‚
1237 2467 1305 2517 qui
1321 2467 1361 2504 in

351 2532 536 2569 Nazareth
556 2540 594 2569 et
619 2531 769 2581 concipi
790 2530 936 2576 voluit,
966 2538 1004 2567 et
1032 2529 1182 2566 nutriri.
1212 2528 1363 2567 Gaudet

352 2606 516 2643 sponsus
544 2592 706 2630 coelestis
726 2590 865 2628 talibus
884 2589 1160 2635 odoramentis,
1181 2597 1220 2626 et
1237 2588 1362 2625 cordis

1431 1925 1577 1962 munita
1589 1923 1764 1962 fidelibus
1779 1923 2021 1970 testimoniis,
2036 1932 2112 1961 tam
2122 1922 2443 1963 demisericordia

1431 1985 1574 2022 scilicet
1589 1984 1800 2031 morientis,
1811 1997 1928 2034 quam
1944 1983 1991 2021 de
2004 1983 2178 2034 potentia
2190 1983 2441 2034 resurgentis3

1429 2045 1625 2095 quomodo
1647 2044 1770 2083 David
1791 2043 1917 2082 aiebat
1939 2059 1948 2082 ε
1968 2047 2052 2081 Duo
2073 2045 2157 2080 lzoec
2184 2045 2326 2090 audivi,
2351 2048 2441 2094 quia

1424 2115 1590 2156 potestas
1613 2109 1687 2142 Dei
1702 2115 1770 2152 est,
1790 2115 1825 2142 et
1843 2105 1925 2150 tibi,
1949 2107 2126 2152 Domine,
2147 2106 2438 2142 misericordia&

1429 2167 1623 2217 Siquidem
1644 2167 1844 2216 utriusque
1864 2166 1919 2204 rei
1937 2166 2157 2204 testimonia
2174 2164 2372 2203 credibilia
2385 2166 2441 2203 fa-

1428 2236 1488 2266 cta
1500 2236 1589 2265 sunt
1601 2227 1734 2275 nimis;
1754 2227 1906 2266 Christo
1918 2227 2052 2277 utique
2073 2226 2261 2264 moriente
2279 2234 2440 2277 propter

1427 2287 1564 2324 delicta
1595 2295 1747 2333 nostra,
1776 2295 1814 2324 et
1849 2295 2072 2337 resurgente
2104 2294 2267 2337 propter
2298 2284 2440 2336 justifi-

1426 2347 1616 2384 cationem
1643 2355 1829 2393 nostram,
1847 2355 1886 2383 et
1915 2345 2145 2384 ascendente
2169 2344 2218 2382 ad
2234 2344 2440 2396 protectio—

1427 2420 1516 2444 nem
1534 2415 1724 2454 nostram,
1747 2415 1785 2444 et
1814 2407 1989 2444 mittente
2020 2405 2209 2457 Spiritum
2229 2404 2279 2443 ad
2306 2417 2440 2443 conso-

1427 2469 1609 2506 lationem
1641 2477 1832 2516 nostram,
1865 2477 1904 2506 et
1934 2467 2168 2518 quandoque
2199 2465 2372 2504 redituro
2390 2463 2438 2503 ad

1429 2528 1798 2566 consummationem
1833 2536 2017 2566 nostram.
2055 2531 2202 2578 Nempe
2237 2526 2278 2564 in
2315 2532 2437 2563 morte

1429 2588 1729 2626 misericordiam
1742 2617 1752 2636 ,
1773 2588 1986 2639 potentiam
2006 2587 2047 2626 in
2067 2586 2361 2633 resurrectione,
2379 2593 2436 2623 ut-

353 2652 558 2690 thalamum
592 2653 813 2702 frequenter
848 2650 1089 2700 libenterque
1128 2648 1355 2699 ingreditur,
1375 2654 1407 2688 D
1424 2663 1582 2700 ramque
1601 2649 1640 2686 in
1657 2649 1815 2699 singulis
1835 2647 2011 2686 exhibuit
2029 2648 2281 2698 reliquorum.

354 2713 458 2762 quod
473 2712 688 2751 istiusmodi
704 2712 888 2750 refertum
910 2709 1110 2756 fructibus,
1126 2708 1362 2759 floribusque

355 2786 569 2823 respersum
584 2773 787 2810 invenerit.
806 2771 883 2810 Ubi
903 2784 980 2808 suae
999 2769 1177 2807 videlicet
1195 2778 1260 2806 aut
1276 2782 1363 2820 pas-

355 2833 472 2870 sionis
495 2834 672 2883 gratiam,
698 2842 764 2870 aut
791 2831 1082 2870 resurrectionis
1111 2831 1272 2881 gloriam
1303 2844 1363 2868 se-

356 2893 445 2930 dula
475 2894 628 2943 inspicit
652 2895 882 2944 cogitatione
913 2893 1081 2940 versari,
1102 2891 1155 2929 ibi
1185 2892 1361 2942 profecto

357 2953 463 2990 adest
490 2954 656 3001 sedulus,
679 2955 786 2992 adest
817 2954 951 2992 libens.
979 2954 1216 2992 Monimenta
1243 2952 1362 3003 siqui-

357 3013 444 3050 dem
460 3013 659 3058 Passionis,
679 3014 822 3052 sructus
841 3028 1002 3065 agnosce
1023 3014 1132 3064 quasi
1153 3013 1242 3050 anni
1263 3027 1363 3063 prae-

360 3073 461 3110 teriti
475 3102 485 3120 ‚
517 3073 689 3110 omnium
726 3075 859 3124 utique
897 3084 1001 3112 retro
1034 3083 1253 3125 temporum
1291 3073 1362 3111 sub

357 3133 503 3187 peccati
517 3133 726 3182 mortisque
742 3133 903 3183 imperio
924 3134 1170 3172 decursorum
1183 3164 1192 3182 ,
1208 3134 1361 3172 tandem

1485 2711 1545 2748 10.
1576 2713 1667 2748 Haec
1697 2710 1814 2757 mala,
1846 2710 1887 2747 hi
1918 2709 2054 2756 flores,
2078 2708 2220 2760 quibus
2239 2720 2379 2759 sponsa
2398 2719 2436 2744 se

1429 2770 1581 2808 interim
1609 2769 1744 2820 stipari
1772 2769 1942 2820 postulat
1967 2777 2008 2806 et
2031 2768 2179 2821 fulciri,
2207 2767 2323 2806 credo
2351 2779 2437 2805 sen-

1431 2831 1526 2868 tiens
1547 2830 1654 2867 facile
1671 2831 1747 2867 vim
1769 2830 1808 2866 in
1828 2843 1868 2867 se
1889 2829 2031 2866 amoris
2058 2842 2172 2880 posse
2192 2836 2385 2879 tepescere
2399 2834 2436 2864 et

1429 2892 1674 2942 languescere
1691 2890 1994 2941 quodammodo,
2006 2890 2038 2928 si
2053 2903 2132 2927 non
2150 2888 2289 2927 talibus
2294 2887 2436 2939 jugiter

1428 2953 1604 2990 foveatur
1621 2952 1845 2999 incentivis,
1869 2951 1993 2988 donec
2018 2950 2241 2988 introducta
2259 2948 2436 3000 quando-

1428 3027 1502 3064 que
1523 3014 1561 3050 in
1584 3011 1804 3050 cubiculum
1820 3040 1830 3059 ,
1853 3011 1919 3048 diu
1945 3011 2086 3062 cupitis
2112 3010 2329 3061 excipiatur
2351 3022 2434 3046 am-

1427 3073 1619 3124 plexibus,
1635 3081 1672 3110 et
1691 3072 1792 3110 dicat
1810 3087 1819 3109 ε
1840 3075 1955 3108 Loeva
1971 3075 2051 3118 ejus
2068 3070 2137 3107 sub
2153 3074 2280 3120 capite
2293 3083 2386 3115 meo,
2401 3075 2438 3104 et

1428 3137 1587 3170 dextera
1600 3135 1700 3169 illias
1711 3135 1933 3182 amplexata
1945 3140 2000 3168 est
2011 3145 2070 3168 me
2081 3137 2123 3168 ¹⁰.
2139 3130 2285 3168 Sentiet
2294 3129 2434 3180 quippe

406 3280 415 3294 ¹
435 3274 555 3305 Cantic.
577 3285 602 3303 11
617 3297 624 3311 ,
645 3276 678 3311 li,
700 3277 729 3304 ὁ.
758 3290 801 3294 ——
829 3278 841 3294 ²
861 3273 909 3304 Id.
929 3284 989 3311 111,
1014 3277 1067 3304 11.
1093 3293 1137 3296 κ-
1164 3273 1177 3296 3
1197 3274 1332 3317 Philipp.
1353 3286 1398 3311 11,
1424 3278 1475 3306 10.
1491 3293 1535 3296 -—
1550 3272 1564 3299 4
1585 3273 1665 3304 Psal.
1685 3284 1800 3308 xxvn,
1823 3275 1854 3303 7.
1870 3290 1916 3294 ——
1935 3270 1948 3292 ⁵
1967 3270 2088 3304 cantic.
2109 3283 2140 3310 1,
2164 3274 2216 3303 15.
2232 3289 2276 3293 -—
2291 3267 2307 3292 ⁶
2325 3268 2372 3300 Id.
2390 3279 2433 3305 n,

361 3331 412 3363 11,
441 3331 492 3358 12.
508 3345 551 3349 ——
567 3333 580 3357 7
601 3330 701 3368 Apoc.
723 3337 800 3363 xxi,
832 3330 860 3356 ὁ.
878 3343 920 3347 ψ-
937 3324 950 3346 3
968 3328 1161 3357 Gemma-11
1175 3350 1182 3363 ,
1203 3330 1256 3358 27.
1280 3347 1323 3350 —
1341 3334 1357 3358 9
1374 3327 1455 3359 Psal.
1479 3330 1706 3365 Lx1‚12,-13.
1732 3346 1774 3349 —
1791 3332 1822 3348 ¹⁹
1840 3326 1960 3359 Cautio.
1980 3337 2027 3364 11,
2049 3329 2081 3356 6.

404 3398 414 3413 '¹
434 3394 538 3431 Alias,
553 3393 702 3439 jungere.
720 3411 762 3414 —
778 3385 792 3407 ⁵¹
812 3391 898 3423 Alias
912 3414 918 3428 ,
932 3388 1144 3434 plenitudine.
