2533 3920
372 156 447 192 739

1158 148 1192 183 S.
1224 143 1478 181 BERNARDI
1509 139 1712 177 ABBATIS

2479 49 2481 85 l

2398 116 2481 180 740ss

374 232 564 285 praeestis,
579 230 719 267 habere
736 241 805 265 vos
822 225 1046 278 perhibent,
1066 237 1144 262 non
1161 236 1299 275 parum
1319 234 1390 257 nos
1411 224 1436 256 A
1458 232 1544 269 quae
1565 217 1698 255 illicite
1720 222 1876 260 tenent,
1911 212 2130 262 relinquere
2159 213 2317 260 volunt,
2348 229 2481 258 unum,

374 294 678 331 laetificaverunt.
704 293 910 327 Monemus
932 295 1061 324 autem
1087 294 1125 322 et
1151 284 1399 321 obsecramus

376 354 622 391 devotionem
647 358 835 396 vestram,
863 348 969 399 quod
997 355 1096 385 sicut
1120 359 1159 382 1n
1180 342 1399 382 reficiendis

378 413 556 452 domibus
572 442 581 460 ‚
599 413 652 449 ita
667 410 901 449 renovandis
919 408 1092 446 moribus
1110 419 1268 457 operam
1289 404 1396 441 detis.

376 480 461 514 Non
484 475 609 512 solum
630 481 758 510 autem
780 471 826 508 de
848 469 1083 508 monasterio
1097 498 1106 515 ,
1128 467 1194 505 sed
1217 466 1331 503 etiam
1352 464 1398 501 de

377 535 559 586 hospitali
580 534 695 570 domo
715 533 809 578 Dei,
831 531 893 568 cui
914 529 984 568 sub
1007 542 1125 566 manu
1146 535 1274 564 vestra
1294 538 1397 575 prae—

379 597 470 634 dicti
501 596 635 632 fratres
667 593 893 631 deserviunt
912 620 920 637 ,
954 589 1208 627 intentissime
1241 598 1396 623 necesse

381 667 437 695 est
457 669 587 694 curam
611 654 750 705 geratis
773 669 780 691 :
810 661 1001 703 quatenus
1023 649 1204 688 videlicet
1223 661 1271 685 ex
1291 646 1397 684 omni

381 719 582 756 exactione
599 726 636 754 et
655 716 900 753 infestatione
915 713 1181 750 ministrorum
1201 723 1266 747 seu
1284 708 1398 745 clien-

382 790 463 818 tum
481 788 699 817 vestrorum
718 789 891 813 securam
913 788 955 811 ac
975 772 1136 810 liberam
1157 769 1398 814 custodiatis,

381 841 564 892 qnodque
580 840 736 876 illorum
756 849 901 887 pravo,
922 843 966 871 ut
981 833 1217 878 audivimus,
1238 830 1399 868 consilio

381 903 505 939 eidem
527 899 659 937 domui
682 897 730 935 ab
752 897 834 934 aliis
855 904 942 933 ante
963 907 1033 931 vos
1054 891 1262 930 abbatibus
1283 891 1403 927 colla-

382 973 462 1000 tum
485 960 714 1006 abstulistis,
745 967 951 1008 precamur
979 963 1022 992 ut
1050 953 1273 991 restituatis.
1301 951 1407 988 Sicut

1465 279 1613 316 bonum
1631 286 1699 314 est.
1722 279 1817 314 Cum
1840 287 1935 311 vero
1962 286 2006 310 ea
2024 273 2063 309 in
2081 286 2172 310 usus
2191 287 2386 315 servorum
2403 282 2481 319 Dei}

1467 338 1630 376 transire
1658 337 1818 382 volunt,
1841 334 2061 384 duplicatur
2085 332 2232 370 bonum
2261 349 2269 371 :
2299 337 2364 373 sed
2389 330 2482 379 cuml

1467 400 1540 437 hoc
1558 399 1641 436 fieri
1658 410 1738 434 non
1761 404 1890 446 potest
1910 395 1981 432 nisi
2002 407 2073 445 per
2097 407 2252 431 manum
2280 397 2481 451 episcopis

1465 458 1607 510 gemini
1637 471 1676 495 se
1694 457 1899 507 episcopus
1927 463 1993 491 aut
2014 454 2103 491 mali
2130 467 2259 502 reum,
2290 466 2353 494 aut
2378 458 2481 499 boni¹

1466 518 1648 570 probabit
1670 526 1888 563 auctorem,
1913 515 2024 565 juxta
2051 515 2157 564 quod
2187 528 2297 553 suum
2327 519 2470 570 negabit

1464 590 1529 618 aut
1549 580 1656 618 dabit
1681 591 1892 617 assensum.
1918 576 2033 626 Quod
2054 584 2182 613 autem
2201 577 2309 614 miles
2328 591 2395 617 vos
2412 594 2471 620 ro-

1463 650 1551 692 gat,
1582 641 1656 679 hoc
1689 654 1710 677 a
1735 638 1847 677 vobis
1877 637 2003 687 rogari
2034 637 2116 687 ipse
2151 635 2347 676 debuerat.
2378 642 2470 690 Quid

1464 702 1593 739 enim?
1618 701 1806 738 meliusne
1834 712 1915 736 esse
1933 697 2115 747 judicatis
2139 696 2186 733 ab
2209 696 2362 735 homine
2381 700 2483 739 mili-·

1468 763 1538 801 tari
1549 762 1771 800 haereditate
1788 759 1978 811 possideri
1991 758 2252 795 sanctuarium
2262 758 2350 804 Dei,
2359 772 2465 809 quam

1474 838 1496 862 a
1523 823 1663 861 sanctis
1678 822 1778 860 Dei?
1803 822 1966 866 Mirum,
1995 820 2027 857 si
2047 833 2127 857 non
2145 819 2335 856 mirantur
2355 833 2484 862 omnes.

1473 885 1540 936 qui
1573 883 1749 921 audiunt.
1780 882 1935 928 Nolite,
1966 892 2118 931 quaeso,
2151 879 2293 926 nolite;
2313 893 2361 917 ne
2389 866 2484 930 fottei

1472 944 1631 982 audiant
1649 943 1715 980 filii
1734 941 2095 979 incircumcisorum
2113 947 2152 977 et
2172 939 2362 976 laetentur.
2380 943 2484 992 Esto,

381 1024 484 1061 enim
499 1020 547 1058 ad
559 1028 725 1057 vestram
740 1015 1038 1055 sollicitudinem
1054 1013 1224 1064 pertinet
1241 1012 1406 1048 aliorum
1428 1018 1456 1053 Β
1473 1005 1636 1057 potestis
1665 1003 1856 1054 captivam
1884 1001 2093 1039 Ecclesiam
2123 1000 2274 1051 eripere
2303 999 2350 1037 de
2374 1014 2485 1042 manu.

383 1082 582 1120 malefacta
602 1079 800 1117 destruere
821 1085 886 1115 aut
907 1076 1125 1125 corrigere3
1147 1073 1200 1111 sic
1220 1073 1376 1110 illorum
1394 1102 1404 1120 ‚

382 1145 412 1181 si
432 1157 508 1194 qua
521 1142 626 1180 bona
640 1148 803 1192 egerunt
817 1168 826 1185 ,
846 1151 925 1175 non
941 1137 1068 1175 solum
1092 1136 1207 1172 firma
1227 1142 1266 1171 et
1279 1133 1412 1171 incon-

383 1205 493 1242 vulsa
513 1212 644 1240 tenere
659 1231 668 1249 ,
699 1200 766 1239 sed
788 1200 903 1237 etiam
925 1205 1175 1248 augmentare
1205 1204 1243 1233 et
1278 1194 1412 1232 multi-

384 1266 531 1317 plicare
563 1263 722 1300 debetis.
754 1260 1031 1310 Presbyterum
1063 1270 1244 1309 quoque,
1274 1256 1341 1306 qui
1369 1256 1408 1292 in

387 1328 470 1378 ipsa
490 1324 608 1362 domo
627 1322 825 1366 habitans,
847 1333 954 1357 suam
976 1318 1103 1356 adhuc
1125 1318 1218 1354 foris
1240 1330 1320 1354 rem
1344 1316 1411 1353 lia-

387 1387 480 1423 bcre
509 1384 683 1431 videtur,
717 1390 783 1420 aut
810 1380 1015 1432 proprium
1046 1379 1242 1424 deserere,
1275 1385 1341 1414 aut
1362 1375 1409 1412 de

389 1448 505 1484 domo
526 1445 630 1482 exire
652 1443 807 1494 cogatis
830 1442 962 1480 Valete
976 1469 986 1487 ,
1019 1449 1056 1477 et
1078 1447 1241 1490 propter
1261 1437 1409 1474 bonum

389 1507 494 1558 quod
515 1506 562 1543 de
578 1504 689 1542 vobis
712 1503 930 1541 audivimus
943 1531 953 1549 ,
975 1501 1023 1538 de
1040 1500 1152 1538 nobis
1173 1500 1204 1538 si
1225 1493 1318 1549 quid
1342 1511 1410 1535 va-

386 1570 508 1605 lemus
531 1565 769 1604 familiariter
790 1563 990 1601 confidite.

394 1698 1413 1717 ==================================================================

488 1806 810 1864 EPISTOL
826 1805 873 1860 A
934 1803 1319 1862 CDXXVIII.

686 1956 732 1977 AD
754 1954 938 1984 QIYEMDAM
964 1953 1115 1976 AMICUM
1122 1968 1128 1974 .

532 2057 658 2089 Gratias
674 2056 735 2098 agit
752 2059 820 2087 Deo
841 2055 880 2086 de
898 2054 992 2086 rebus
1008 2064 1159 2096 prospere
1179 2052 1282 2095 gestis.

461 2171 568 2208 Velle
593 2169 690 2206 scire
719 2181 789 2205 vos
815 2168 916 2214 scio,
950 2166 1056 2217 quod
1079 2166 1174 2202 scire
1207 2177 1276 2200 vos
1308 2162 1419 2200 facio.

408 2232 558 2272 Gratias
577 2230 651 2276 illi,
674 2229 739 2279 qui
771 2229 902 2265 omnia
931 2241 1050 2278 opera
1080 2234 1213 2263 nostra
1242 2233 1424 2275 operatus

408 2301 464 2330 est
493 2291 620 2329 nobis.
641 2289 796 2329 Grande
815 2301 932 2340 opus,
956 2297 993 2324 et
1012 2288 1086 2324 iter
1103 2299 1217 2336 grave
1233 2286 1319 2322 laete
1338 2298 1425 2335 pro-

409 2366 595 2405 spereque
609 2351 842 2403 peregimus,
861 2351 996 2387 fratres
1014 2350 1122 2385 laetos
1140 2356 1178 2385 et
1194 2348 1233 2384 in
1254 2360 1348 2397 pace
1374 2345 1429 2382 di-

409 2415 601 2460 misimus,
634 2411 749 2449 rebus
776 2419 813 2448 et
835 2410 966 2448 amicis
994 2408 1258 2454 abundantes,
1281 2411 1362 2444 Deo
1391 2414 1429 2443 et

409 2473 631 2512 hominibus
649 2473 756 2519 satis,
777 2480 820 2508 ut
838 2471 1005 2517 aestimo,
1026 2470 1235 2520 placentes.
1253 2471 1426 2506 Fratrem

411 2539 455 2575 G.
478 2535 543 2572 vix
563 2535 644 2571 sine
671 2542 747 2570 tam
768 2533 960 2583 episcopi,
983 2544 1099 2581 quam
1121 2531 1280 2566 fratrum
1303 2528 1429 2564 offen-

1440 1813 1466 1848 C

1478 1066 1669 1118 potentis,
1688 1073 1726 1102 et
1738 1063 1819 1114 juri
1838 1063 2000 1114 proprio
2016 1061 2213 1099 vindicare
2229 1076 2239 1108 3
2259 1061 2363 1111 quod
2378 1058 2483 1103 mini-3

1478 1141 1540 1165 me
1563 1126 1798 1164 arbitramur
1820 1140 1828 1162 :
1857 1136 2087 1174 quemnam,
2107 1135 2261 1173 quaeso,
2289 1122 2335 1159 de
2361 1123 2484 1173 illati-‚

1478 1188 1632 1226 bentius
1664 1186 1802 1236 eligitis
1832 1185 1943 1222 vobis
1977 1183 2171 1221 haeredem
2205 1187 2483 1224 successorem?

1480 1249 1554 1299 Qui
1574 1248 1663 1286 inde
1680 1246 1870 1285 deserviat
1897 1244 2130 1283 exercitibus
2156 1243 2274 1294 regis,
2302 1257 2350 1281 an
2374 1245 2480 1285 inter-

1480 1324 1670 1348 cessorem
1691 1322 1764 1360 pro
1778 1307 1945 1359 peccatis
1961 1306 2099 1344 vestris
2111 1307 2126 1342 Ρ
2138 1305 2266 1344 Facite
2283 1318 2373 1356 ergo
2388 1297 2483 1357 quod¹

1475 1371 1646 1422 justum,
1667 1370 1773 1421 quod
1795 1368 1907 1406 vobis
1927 1368 2084 1418 dignum
2116 1374 2196 1413 est,
2218 1366 2325 1416 quod
2351 1370 2430 1406 Deo
2450 1377 2484 1407 et*

1479 1431 1704 1470 hominibus
1721 1430 1835 1468 bonis
1853 1429 2092 1479 jucundum3
2114 1426 2221 1478 quod
2240 1426 2417 1477 denique,
2433 1437 2480 1466 et-

1479 1494 1510 1532 si
1531 1492 1676 1544 aliquid
1699 1506 1777 1529 non
1799 1500 1916 1538 esset,
1946 1501 2078 1528 amore
2102 1488 2224 1527 nostri
2255 1487 2483 1528 confidenter

1478 1555 1561 1593 fieri
1589 1555 1841 1606 postularem.

1626 1687 1914 1699 xzx=m=**====5====2=
1920 1686 2001 1695 ιῐιπιι
2008 1685 2062 1695 ιιι.
2068 1685 2121 1695 x===
2138 1683 2240 1694 ==x===x

1634 1788 2011 1847 EPISTOLA
2062 1787 2370 1845 CDXXX.

1729 1949 1776 1970 ΑΙ)
1800 1946 2068 1971 ῙΧΝΟΟΕΝΤῙΙῙΜ
2090 1946 2122 1969 11
2143 1946 2278 1969 PAPAM.

1487 2059 1656 2101 Delegatus
1673 2068 1692 2089 a
1715 2067 1838 2089 summo
1856 2054 2010 2088 Pontifice
2025 2054 2125 2097 judex
2139 2054 2181 2086 ad
2197 2053 2402 2086 dirimendam
2416 2050 2483 2086 liten'

1535 2114 1618 2145 inter
1634 2112 1713 2144 duos
1730 2111 1956 2144 contendentes
1973 2109 2012 2141 de
2028 2108 2300 2152 archiepiscopatu
2317 2106 2478 2140 Turonmsi

1538 2168 1676 2199 declarat
1692 2166 1832 2209 Philippi
1851 2164 2037 2197 electionem
2056 2174 2124 2195 esse
2139 2163 2271 2195 nullam.
2480 2162 2483 2197 ἐ

1546 2281 1605 2320 Ad
1626 2279 1884 2318 decidendum
1905 2277 2142 2316 Turonensis
2160 2277 2286 2324 litem,
2304 2279 2413 2314 Pater
2431 2286 2479 2311 ve·

1494 2342 1687 2388 nerande,
1717 2340 1970 2378 convenimus
1986 2369 1996 2386 ,
2019 2347 2058 2376 et
2088 2338 2340 2376 convenimus
2367 2335 2483 2374 Blesis.

1496 2403 1600 2454 quod
1619 2404 1648 2440 is
1663 2403 1772 2439 locus
1785 2401 1926 2438 acturis
1944 2400 2041 2437 foret
2059 2407 2097 2436 et
2113 2399 2308 2436 vicinitate
2321 2408 2478 2448 congruo

1497 2474 1534 2502 et
1554 2464 1770 2501 securitate.
1793 2462 1852 2500 Ibi
1873 2474 1964 2511 ergo
1983 2461 2152 2511 Philippi
2172 2456 2426 2497 electionem*
2439 2468 2479 2508 qt*

1494 2540 1542 2564 ex
1568 2525 1729 2562 adverso
1761 2531 1871 2561 erant
1900 2535 1987 2559 cum
2017 2521 2057 2557 in
2088 2520 2219 2558 multis
2247 2524 2483 2557 accusassent:

411 2597 518 2634 sione
533 2595 717 2633 reducere
734 2593 943 2645 potuimus.
957 2596 1048 2629 Post
1063 2590 1243 2627 messium
1260 2597 1425 2638 tempus,
1448 2605 1478 2639 D
1495 2601 1580 2638 quae
1596 2585 1795 2623 brevitatis
1812 2583 1938 2621 studio
1960 2582 2222 2634 praeterimu53
2246 2581 2324 2619 duo
2344 2580 2422 2617 haec
2437 2570 2486 2634 (les.

412 2655 519 2707 quod
537 2655 697 2693 nuncin
719 2652 894 2690 manibus
914 2660 990 2698 est,
1021 2651 1051 2688 si
1072 2663 1170 2700 opus
1193 2649 1260 2686 illo
1281 2647 1425 2684 habue-

415 2717 497 2754 ritis
510 2746 519 2763 ,
538 2716 616 2753 imo
634 2715 724 2765 quia
741 2712 931 2750 habebitis
945 2742 953 2758 ,
972 2710 1114 2748 habere
1132 2708 1321 2760 poteritis.

507 2842 515 2849 ι
547 2834 1432 2850 xxxmxx»susus-*vsvs-xxm-xussxsux55========x===========x==x==

556 2935 932 2995 EPISTOLA
978 2935 1314 2993 CDXXIX.

704 3072 749 3093 AD
773 3070 957 3100 QUEMDAM
978 3070 1027 3092 AM
1034 3069 1124 3091 1CC31
1131 3085 1137 3092 .

415 3167 512 3210 Quod
528 3165 681 3199 beneficia
700 3163 907 3196 ecclesiastica
926 3174 990 3194 non
1010 3163 1049 3194 de
1065 3162 1168 3194 laicali
1187 3173 1300 3202 manu,
1321 3162 1375 3194 sed
1395 3161 1434 3193 de

701 3218 840 3262 episcopi
861 3217 1044 3261 accipienda
1064 3223 1147 3248 sunt.

470 3326 563 3360 Cum
580 3320 666 3358 laici
679 3318 857 3358 ecclesias
876 3318 955 3355 sive
974 3316 1228 3355 ecclesiastica
1249 3315 1436 3353 beneficia

1496 2662 1601 2685 mum
1625 2647 1821 2698 praecipua
1847 2645 2012 2696 capitula
2039 2644 2074 2681 ei
2098 2649 2385 2694 opposuerunt,
2405 2644 2482 2691 quo*

1497 2710 1598 2747 infra
1615 2721 1737 2746 annos
1752 2707 1932 2744 videlicet
1947 2713 2046 2742 esset
2058 2733 2068 2752 ,
2087 2713 2126 2742 et
2147 2703 2253 2754 quod
2274 2710 2476 2753 nequaqum

1500 2771 1643 2808 electus
1661 2783 1682 2806 a
1703 2767 1844 2819 quibus
1865 2766 2061 2818 oportuit,
2082 2765 2149 2803 sed
2168 2778 2293 2815 neque
2312 2776 2334 2800 a
2349 2758 2477 2812 quanti:

1504 2830 1676 2869 Aberant
1690 2829 1877 2880 siquidem
1896 2841 1942 2865 eo
1959 2826 2144 2877 temporis
2160 2824 2324 2875 majores
2340 2831 2481 2873 person·¹
2503 2838 2505 2843 ⁴

1503 2892 1672 2930 ecclesiae
1693 2891 1896 2936 nimirum,
1917 2897 1955 2925 et
1974 2886 2022 2925 ab
2043 2886 2202 2924 ecclesia
2220 2885 2340 2936 pulsae
2359 2890 2397 2920 et
2415 2891 2476 2932 pre

1502 2952 1598 3004 priis
1618 2950 1818 2998 domibus,
1837 2947 2096 2987 archidiaconi
2114 2947 2258 2984 scilicet
2278 2953 2431 2988 omnes,
2445 2937 2480 2976 dt*

1502 3025 1620 3049 canus
1641 3019 1679 3049 et
1700 3018 1855 3056 cantor,
1887 3021 1975 3046 cum
1999 3007 2189 3044 universis
2217 3005 2319 3042 illius
2347 2998 2481 3040 ecelesia

1500 3071 1738 3123 presbyteris
1756 3099 1765 3116 ,
1788 3083 1830 3106 ac
1854 3066 2100 3106 multitudine
2116 3066 2280 3103 aliorum
2299 3059 2436 3101 diversi
2447 3071 2475 3096 οε

1502 3134 1600 3170 dinis
1626 3132 1854 3169 clericorum
1871 3128 1998 3167 :unde
2013 3135 2051 3164 et
2076 3140 2183 3164 suam
2209 3138 2324 3176 quam
2349 3123 2475 3160 fecem

1502 3194 1549 3231 de
1577 3196 1742 3242 Hugone
1759 3190 1986 3228 electionem
2005 3200 2137 3225 sanam
2154 3181 2271 3237 atque
2292 3179 2475 3222 canoniea!

1503 3267 1584 3291 csse
1603 3251 1800 3298 dicebant,
1815 3249 1920 3300 quod
1938 3249 1965 3286 ii
1986 3248 2027 3285 in
2047 3260 2091 3284 ea
2113 3245 2394 3289 consentirent,
2413 3250 2474 3290 qu(

1504 3328 1589 3352 rum
1622 3312 1850 3363 praevaleret
1879 3311 1919 3348 in
1953 3306 2133 3358 eligendo
2161 3305 2398 3349 anctoritas3
2429 3311 2474 3337 110
