<?xml version="1.0" encoding="UTF-8"?>
<!DOCTYPE html PUBLIC "-//W3C//DTD XHTML 1.0 Transitional//EN"
    "http://www.w3.org/TR/xhtml1/DTD/xhtml1-transitional.dtd">
<html xmlns="http://www.w3.org/1999/xhtml" xml:lang="en" lang="en">
 <head>
  <title>
</title>
<meta http-equiv="Content-Type" content="text/html;charset=utf-8" />
  <meta name='ocr-system' content='tesseract 3.04.00' />
  <meta name='ocr-capabilities' content='ocr_page ocr_carea ocr_par ocr_line ocrx_word'/>
</head>
<body>
  <div class='ocr_page' id='page_1' title='image "./operaomniapostho01bernuoft/operaomniapostho01bernuoft_0121.png"; bbox 0 0 2565 3952; ppageno 0'>
   <div class='ocr_carea' id='block_1_1' title="bbox 98 187 171 224">
    <p class='ocr_par' dir='ltr' id='par_1_1' title="bbox 98 187 171 224">
     <span class='ocr_line' id='line_1_1' title="bbox 98 187 171 224; baseline 0 0"><span class='ocrx_word' id='word_1_1' title='bbox 98 187 171 224; x_wconf 80' lang='lat'>217</span> 
     </span>
    </p>
   </div>
   <div class='ocr_carea' id='block_1_2' title="bbox 1015 183 1281 220">
    <p class='ocr_par' dir='ltr' id='par_1_2' title="bbox 1015 183 1281 220">
     <span class='ocr_line' id='line_1_2' title="bbox 1015 183 1281 220; baseline 0.008 -2"><span class='ocrx_word' id='word_1_2' title='bbox 1015 183 1281 220; x_wconf 73' lang='lat' dir='ltr'>EPISTOLAE.</span> 
     </span>
    </p>
   </div>
   <div class='ocr_carea' id='block_1_3' title="bbox 2123 195 2197 232">
    <p class='ocr_par' dir='ltr' id='par_1_3' title="bbox 2123 195 2197 232">
     <span class='ocr_line' id='line_1_3' title="bbox 2123 195 2197 232; baseline -0.014 0"><span class='ocrx_word' id='word_1_3' title='bbox 2123 195 2197 232; x_wconf 77' lang='lat'>‘218</span> 
     </span>
    </p>
   </div>
   <div class='ocr_carea' id='block_1_4' title="bbox 96 257 2201 372">
    <p class='ocr_par' dir='ltr' id='par_1_4' title="bbox 96 257 2201 372">
     <span class='ocr_line' id='line_1_4' title="bbox 96 257 2201 318; baseline 0.003 -16"><span class='ocrx_word' id='word_1_4' title='bbox 96 273 284 310; x_wconf 78' lang='lat' dir='ltr'>vestrum,</span> <span class='ocrx_word' id='word_1_5' title='bbox 305 262 370 299; x_wconf 89' lang='lat' dir='ltr'>sed</span> <span class='ocrx_word' id='word_1_6' title='bbox 400 262 436 298; x_wconf 92' lang='lat' dir='ltr'>in</span> <span class='ocrx_word' id='word_1_7' title='bbox 461 269 635 298; x_wconf 87' lang='lat' dir='ltr'>nostrum</span> <span class='ocrx_word' id='word_1_8' title='bbox 663 269 800 298; x_wconf 69' lang='lat' dir='ltr'>vestrae</span> <span class='ocrx_word' id='word_1_9' title='bbox 830 257 1108 297; x_wconf 73' lang='lat' dir='ltr'>maledictionis</span> <span class='ocrx_word' id='word_1_10' title='bbox 1129 257 1160 276; x_wconf 73' lang='lat'>⁶⁹</span> <span class='ocrx_word' id='word_1_11' title='bbox 1179 259 1267 297; x_wconf 88' lang='lat' dir='ltr'>licet</span> <span class='ocrx_word' id='word_1_12' title='bbox 1283 260 1393 310; x_wconf 86' lang='lat' dir='ltr'>jussu</span> <span class='ocrx_word' id='word_1_13' title='bbox 1418 261 1477 298; x_wconf 76' lang='lat' dir='ltr'>vel</span> <span class='ocrx_word' id='word_1_14' title='bbox 1505 275 1658 299; x_wconf 88' lang='lat' dir='ltr'>assensu</span> <span class='ocrx_word' id='word_1_15' title='bbox 1682 264 1836 302; x_wconf 79' lang='lat' dir='ltr'>fratrem</span> <span class='ocrx_word' id='word_1_16' title='bbox 1866 270 1905 303; x_wconf 92' lang='lat' dir='ltr'>B.</span> <span class='ocrx_word' id='word_1_17' title='bbox 1927 270 2110 318; x_wconf 88' lang='lat' dir='ltr'>quamdiu</span> <span class='ocrx_word' id='word_1_18' title='bbox 2132 274 2201 309; x_wconf 86' lang='lat' dir='ltr'>fuit</span> 
     </span>
     <span class='ocr_line' id='line_1_5' title="bbox 96 318 2200 372; baseline 0.002 -9"><span class='ocrx_word' id='word_1_19' title='bbox 96 325 319 364; x_wconf 84' lang='lat' dir='ltr'>sententiam</span> <span class='ocrx_word' id='word_1_20' title='bbox 340 322 546 360; x_wconf 80' lang='lat' dir='ltr'>intorsistis</span> <span class='ocrx_word' id='word_1_21' title='bbox 565 337 572 358; x_wconf 93' lang='lat'>:</span> <span class='ocrx_word' id='word_1_22' title='bbox 591 321 697 372; x_wconf 86' lang='lat' dir='ltr'>quod</span> <span class='ocrx_word' id='word_1_23' title='bbox 711 322 742 359; x_wconf 86' lang='lat' dir='ltr'>si</span> <span class='ocrx_word' id='word_1_24' title='bbox 759 330 862 358; x_wconf 90' lang='lat' dir='ltr'>recte</span> <span class='ocrx_word' id='word_1_25' title='bbox 879 321 1020 358; x_wconf 86' lang='lat' dir='ltr'>factum</span> <span class='ocrx_word' id='word_1_26' title='bbox 1040 321 1110 367; x_wconf 90' lang='lat' dir='ltr'>sit,</span> <span class='ocrx_word' id='word_1_27' title='bbox 1130 318 1159 351; x_wconf 86' lang='lat' dir='ltr'>A</span> <span class='ocrx_word' id='word_1_28' title='bbox 1179 322 1283 371; x_wconf 87' lang='lat' dir='ltr'>apud</span> <span class='ocrx_word' id='word_1_29' title='bbox 1316 336 1402 368; x_wconf 71' lang='lat' dir='ltr'>vos,</span> <span class='ocrx_word' id='word_1_30' title='bbox 1426 322 1464 359; x_wconf 90' lang='lat' dir='ltr'>in</span> <span class='ocrx_word' id='word_1_31' title='bbox 1493 323 1708 361; x_wconf 86' lang='lat' dir='ltr'>medicinali</span> <span class='ocrx_word' id='word_1_32' title='bbox 1741 334 1822 362; x_wconf 87' lang='lat' dir='ltr'>arte</span> <span class='ocrx_word' id='word_1_33' title='bbox 1855 329 2100 367; x_wconf 69' lang='lat' dir='ltr'>saecularibus</span> <span class='ocrx_word' id='word_1_34' title='bbox 2133 332 2200 369; x_wconf 87' lang='lat' dir='ltr'>‹le-</span> 
     </span>
    </p>
   </div>
   <div class='ocr_carea' id='block_1_5' title="bbox 84 385 1113 1106">
    <p class='ocr_par' dir='ltr' id='par_1_5' title="bbox 95 385 365 424">
     <span class='ocr_line' id='line_1_6' title="bbox 95 385 365 424; baseline -0.011 0"><span class='ocrx_word' id='word_1_35' title='bbox 95 400 162 424; x_wconf 84' lang='lat' dir='ltr'>vos</span> <span class='ocrx_word' id='word_1_36' title='bbox 181 385 365 422; x_wconf 70' lang='lat' dir='ltr'>videritis.</span> 
     </span>
    </p>

    <p class='ocr_par' dir='ltr' id='par_1_6' title="bbox 84 442 1113 1106">
     <span class='ocr_line' id='line_1_7' title="bbox 147 442 1113 494; baseline -0.005 -10"><span class='ocrx_word' id='word_1_37' title='bbox 147 448 182 485; x_wconf 83' lang='lat'>2.</span> <span class='ocrx_word' id='word_1_38' title='bbox 224 450 356 484; x_wconf 82' lang='lat' dir='ltr'>Restat</span> <span class='ocrx_word' id='word_1_39' title='bbox 385 444 501 494; x_wconf 87' lang='lat' dir='ltr'>igitur</span> <span class='ocrx_word' id='word_1_40' title='bbox 533 442 750 490; x_wconf 88' lang='lat' dir='ltr'>sciendum,</span> <span class='ocrx_word' id='word_1_41' title='bbox 786 451 823 479; x_wconf 89' lang='lat' dir='ltr'>et</span> <span class='ocrx_word' id='word_1_42' title='bbox 858 442 930 479; x_wconf 91' lang='lat' dir='ltr'>hoc</span> <span class='ocrx_word' id='word_1_43' title='bbox 963 450 1113 480; x_wconf 89' lang='lat' dir='ltr'>tantum</span> 
     </span>
     <span class='ocr_line' id='line_1_8' title="bbox 93 503 1110 559; baseline -0.005 -14"><span class='ocrx_word' id='word_1_44' title='bbox 93 508 275 559; x_wconf 83' lang='lat' dir='ltr'>quaeritur</span> <span class='ocrx_word' id='word_1_45' title='bbox 303 507 403 543; x_wconf 87' lang='lat' dir='ltr'>inter</span> <span class='ocrx_word' id='word_1_46' title='bbox 423 519 512 552; x_wconf 89' lang='lat' dir='ltr'>nos,</span> <span class='ocrx_word' id='word_1_47' title='bbox 535 519 582 542; x_wconf 87' lang='lat' dir='ltr'>an</span> <span class='ocrx_word' id='word_1_48' title='bbox 610 503 890 542; x_wconf 80' lang='lat' dir='ltr'>rationabiliter</span> <span class='ocrx_word' id='word_1_49' title='bbox 911 513 1110 555; x_wconf 81' lang='lat' dir='ltr'>susceptus</span> 
     </span>
     <span class='ocr_line' id='line_1_9' title="bbox 93 565 1111 616; baseline -0.003 -10"><span class='ocrx_word' id='word_1_50' title='bbox 93 569 217 606; x_wconf 88' lang='lat' dir='ltr'>fuerit.</span> <span class='ocrx_word' id='word_1_51' title='bbox 235 571 283 605; x_wconf 91' lang='lat' dir='ltr'>Et</span> <span class='ocrx_word' id='word_1_52' title='bbox 302 580 370 604; x_wconf 78' lang='lat' dir='ltr'>vos</span> <span class='ocrx_word' id='word_1_53' title='bbox 390 565 567 616; x_wconf 86' lang='lat' dir='ltr'>quidem,</span> <span class='ocrx_word' id='word_1_54' title='bbox 589 565 773 616; x_wconf 88' lang='lat' dir='ltr'>quoniam</span> <span class='ocrx_word' id='word_1_55' title='bbox 798 565 846 602; x_wconf 91' lang='lat' dir='ltr'>de</span> <span class='ocrx_word' id='word_1_56' title='bbox 871 565 1004 615; x_wconf 85' lang='lat' dir='ltr'>ignoto</span> <span class='ocrx_word' id='word_1_57' title='bbox 1026 579 1111 603; x_wconf 91' lang='lat' dir='ltr'>mo-</span> 
     </span>
     <span class='ocr_line' id='line_1_10' title="bbox 92 626 1110 677; baseline -0.004 -10"><span class='ocrx_word' id='word_1_58' title='bbox 92 629 257 667; x_wconf 89' lang='lat' dir='ltr'>nasterio</span> <span class='ocrx_word' id='word_1_59' title='bbox 289 628 523 665; x_wconf 87' lang='lat' dir='ltr'>monachum</span> <span class='ocrx_word' id='word_1_60' title='bbox 561 627 789 677; x_wconf 78' lang='lat' dir='ltr'>regulariter</span> <span class='ocrx_word' id='word_1_61' title='bbox 823 639 936 677; x_wconf 90' lang='lat' dir='ltr'>posse</span> <span class='ocrx_word' id='word_1_62' title='bbox 968 626 1110 676; x_wconf 84' lang='lat' dir='ltr'>suscipi</span> 
     </span>
     <span class='ocr_line' id='line_1_11' title="bbox 93 687 1109 740; baseline -0.003 -12"><span class='ocrx_word' id='word_1_63' title='bbox 93 703 228 740; x_wconf 88' lang='lat' dir='ltr'>negare</span> <span class='ocrx_word' id='word_1_64' title='bbox 246 703 326 726; x_wconf 90' lang='lat' dir='ltr'>non</span> <span class='ocrx_word' id='word_1_65' title='bbox 344 689 523 739; x_wconf 88' lang='lat' dir='ltr'>potestis,</span> <span class='ocrx_word' id='word_1_66' title='bbox 548 697 718 725; x_wconf 76' lang='lat' dir='ltr'>vestrum</span> <span class='ocrx_word' id='word_1_67' title='bbox 741 687 853 725; x_wconf 88' lang='lat' dir='ltr'>nobis</span> <span class='ocrx_word' id='word_1_68' title='bbox 869 696 1006 724; x_wconf 88' lang='lat' dir='ltr'>notum</span> <span class='ocrx_word' id='word_1_69' title='bbox 1028 701 1109 725; x_wconf 90' lang='lat' dir='ltr'>esse</span> 
     </span>
     <span class='ocr_line' id='line_1_12' title="bbox 90 747 1109 800; baseline -0.003 -12"><span class='ocrx_word' id='word_1_70' title='bbox 90 749 331 788; x_wconf 86' lang='lat' dir='ltr'>contenditis.</span> <span class='ocrx_word' id='word_1_71' title='bbox 356 753 565 800; x_wconf 68' lang='lat' dir='ltr'>Negamus,</span> <span class='ocrx_word' id='word_1_72' title='bbox 598 757 636 785; x_wconf 90' lang='lat' dir='ltr'>et</span> <span class='ocrx_word' id='word_1_73' title='bbox 664 762 743 785; x_wconf 91' lang='lat' dir='ltr'>non</span> <span class='ocrx_word' id='word_1_74' title='bbox 773 747 940 785; x_wconf 87' lang='lat' dir='ltr'>creditis.</span> <span class='ocrx_word' id='word_1_75' title='bbox 963 751 1109 786; x_wconf 66' lang='lat' dir='ltr'>Verum</span> 
     </span>
     <span class='ocr_line' id='line_1_13' title="bbox 89 807 1108 861; baseline -0.003 -12"><span class='ocrx_word' id='word_1_76' title='bbox 89 811 120 849; x_wconf 88' lang='lat' dir='ltr'>si</span> <span class='ocrx_word' id='word_1_77' title='bbox 149 824 228 848; x_wconf 90' lang='lat' dir='ltr'>non</span> <span class='ocrx_word' id='word_1_78' title='bbox 255 809 411 848; x_wconf 88' lang='lat' dir='ltr'>creditis</span> <span class='ocrx_word' id='word_1_79' title='bbox 434 809 658 861; x_wconf 87' lang='lat' dir='ltr'>simpliciter</span> <span class='ocrx_word' id='word_1_80' title='bbox 686 807 935 859; x_wconf 76' lang='lat' dir='ltr'>negantibus,</span> <span class='ocrx_word' id='word_1_81' title='bbox 963 807 1108 846; x_wconf 85' lang='lat' dir='ltr'>credite</span> 
     </span>
     <span class='ocr_line' id='line_1_14' title="bbox 89 869 1108 922; baseline -0.002 -12"><span class='ocrx_word' id='word_1_82' title='bbox 89 873 147 910; x_wconf 76' lang='lat' dir='ltr'>vel</span> <span class='ocrx_word' id='word_1_83' title='bbox 162 871 396 922; x_wconf 85' lang='lat' dir='ltr'>jurantibus.</span> <span class='ocrx_word' id='word_1_84' title='bbox 415 875 460 909; x_wconf 92' lang='lat' dir='ltr'>In</span> <span class='ocrx_word' id='word_1_85' title='bbox 488 871 648 908; x_wconf 67' lang='lat' dir='ltr'>veritate</span> <span class='ocrx_word' id='word_1_86' title='bbox 669 884 755 921; x_wconf 81' lang='lat' dir='ltr'>quae</span> <span class='ocrx_word' id='word_1_87' title='bbox 775 874 879 908; x_wconf 87' lang='lat' dir='ltr'>Deus</span> <span class='ocrx_word' id='word_1_88' title='bbox 900 878 974 916; x_wconf 90' lang='lat' dir='ltr'>est,</span> <span class='ocrx_word' id='word_1_89' title='bbox 998 869 1108 908; x_wconf 72' lang='lat' dir='ltr'>vobis</span> 
     </span>
     <span class='ocr_line' id='line_1_15' title="bbox 87 930 1105 980; baseline -0.002 -10"><span class='ocrx_word' id='word_1_90' title='bbox 87 933 268 980; x_wconf 87' lang='lat' dir='ltr'>dicimus,</span> <span class='ocrx_word' id='word_1_91' title='bbox 304 946 375 970; x_wconf 89' lang='lat' dir='ltr'>nec</span> <span class='ocrx_word' id='word_1_92' title='bbox 415 932 596 969; x_wconf 67' lang='lat' dir='ltr'>novimus</span> <span class='ocrx_word' id='word_1_93' title='bbox 628 944 717 978; x_wconf 73' lang='lat' dir='ltr'>vos,</span> <span class='ocrx_word' id='word_1_94' title='bbox 753 944 823 968; x_wconf 90' lang='lat' dir='ltr'>nec</span> <span class='ocrx_word' id='word_1_95' title='bbox 865 930 1061 967; x_wconf 87' lang='lat' dir='ltr'>noscimus</span> <span class='ocrx_word' id='word_1_96' title='bbox 1097 946 1105 968; x_wconf 91' lang='lat'>:</span> 
     </span>
     <span class='ocr_line' id='line_1_16' title="bbox 85 991 1108 1045; baseline -0.004 -14"><span class='ocrx_word' id='word_1_97' title='bbox 85 994 304 1045; x_wconf 87' lang='lat' dir='ltr'>ignotorum</span> <span class='ocrx_word' id='word_1_98' title='bbox 334 994 476 1045; x_wconf 86' lang='lat' dir='ltr'>scripta</span> <span class='ocrx_word' id='word_1_99' title='bbox 504 992 761 1043; x_wconf 86' lang='lat' dir='ltr'>suscepimus,</span> <span class='ocrx_word' id='word_1_100' title='bbox 794 991 842 1029; x_wconf 87' lang='lat' dir='ltr'>ad</span> <span class='ocrx_word' id='word_1_101' title='bbox 869 991 1023 1041; x_wconf 81' lang='lat' dir='ltr'>ignotos</span> <span class='ocrx_word' id='word_1_102' title='bbox 1044 1004 1108 1028; x_wconf 91' lang='lat' dir='ltr'>re-</span> 
     </span>
     <span class='ocr_line' id='line_1_17' title="bbox 84 1052 1107 1106; baseline -0.003 -14"><span class='ocrx_word' id='word_1_103' title='bbox 84 1055 318 1106; x_wconf 84' lang='lat' dir='ltr'>scripsimus.</span> <span class='ocrx_word' id='word_1_104' title='bbox 349 1055 545 1092; x_wconf 86' lang='lat' dir='ltr'>Sensimus</span> <span class='ocrx_word' id='word_1_105' title='bbox 572 1052 730 1104; x_wconf 90' lang='lat' dir='ltr'>quidem</span> <span class='ocrx_word' id='word_1_106' title='bbox 759 1053 1041 1090; x_wconf 85' lang='lat' dir='ltr'>stimulationes</span> <span class='ocrx_word' id='word_1_107' title='bbox 1070 1061 1107 1090; x_wconf 91' lang='lat' dir='ltr'>et</span> 
     </span>
    </p>
   </div>
   <div class='ocr_carea' id='block_1_6' title="bbox 1174 383 2203 1103">
    <p class='ocr_par' dir='ltr' id='par_1_7' title="bbox 1174 383 2203 1103">
     <span class='ocr_line' id='line_1_18' title="bbox 1180 383 2200 433; baseline 0.011 -16"><span class='ocrx_word' id='word_1_108' title='bbox 1180 383 1363 428; x_wconf 78' lang='lat' dir='ltr'>servisse3</span> <span class='ocrx_word' id='word_1_109' title='bbox 1388 383 1594 433; x_wconf 85' lang='lat' dir='ltr'>ipsumque</span> <span class='ocrx_word' id='word_1_110' title='bbox 1617 384 1682 433; x_wconf 89' lang='lat' dir='ltr'>qui</span> <span class='ocrx_word' id='word_1_111' title='bbox 1703 384 1776 421; x_wconf 97' lang='grc'>1100</span> <span class='ocrx_word' id='word_1_112' title='bbox 1796 385 1909 433; x_wconf 80' lang='lat' dir='ltr'>dixit,</span> <span class='ocrx_word' id='word_1_113' title='bbox 1938 388 2109 427; x_wconf 84' lang='lat' dir='ltr'>falsitatis</span> <span class='ocrx_word' id='word_1_114' title='bbox 2135 405 2200 428; x_wconf 84' lang='lat' dir='ltr'>ar-</span> 
     </span>
     <span class='ocr_line' id='line_1_19' title="bbox 1180 442 2200 498; baseline 0.01 -20"><span class='ocrx_word' id='word_1_115' title='bbox 1180 442 1304 492; x_wconf 83' lang='lat' dir='ltr'>guitis.</span> <span class='ocrx_word' id='word_1_116' title='bbox 1324 443 1361 480; x_wconf 92' lang='lat' dir='ltr'>Si</span> <span class='ocrx_word' id='word_1_117' title='bbox 1385 444 1567 480; x_wconf 89' lang='lat' dir='ltr'>mentitus</span> <span class='ocrx_word' id='word_1_118' title='bbox 1595 444 1663 490; x_wconf 89' lang='lat' dir='ltr'>sit,</span> <span class='ocrx_word' id='word_1_119' title='bbox 1686 446 1897 493; x_wconf 89' lang='lat' dir='ltr'>nescimus;</span> <span class='ocrx_word' id='word_1_120' title='bbox 1923 447 2006 498; x_wconf 87' lang='lat' dir='ltr'>ipse</span> <span class='ocrx_word' id='word_1_121' title='bbox 2030 449 2170 488; x_wconf 62' lang='lat' dir='ltr'>viderit</span> <span class='ocrx_word' id='word_1_122' title='bbox 2193 467 2200 488; x_wconf 93' lang='lat'><strong>:</strong></span> 
     </span>
     <span class='ocr_line' id='line_1_20' title="bbox 1179 504 2203 558; baseline 0.008 -18"><span class='ocrx_word' id='word_1_123' title='bbox 1179 504 1245 540; x_wconf 90' lang='lat' dir='ltr'>sed</span> <span class='ocrx_word' id='word_1_124' title='bbox 1265 504 1339 541; x_wconf 91' lang='lat' dir='ltr'>hoc</span> <span class='ocrx_word' id='word_1_125' title='bbox 1357 505 1515 552; x_wconf 89' lang='lat' dir='ltr'>scimus,</span> <span class='ocrx_word' id='word_1_126' title='bbox 1538 507 1628 555; x_wconf 88' lang='lat' dir='ltr'>quia</span> <span class='ocrx_word' id='word_1_127' title='bbox 1651 506 1730 543; x_wconf 73' lang='lat' dir='ltr'>sive</span> <span class='ocrx_word' id='word_1_128' title='bbox 1753 520 1821 557; x_wconf 89' lang='lat' dir='ltr'>per</span> <span class='ocrx_word' id='word_1_129' title='bbox 1842 521 1880 545; x_wconf 92' lang='lat' dir='ltr'>se</span> <span class='ocrx_word' id='word_1_130' title='bbox 1900 508 2046 558; x_wconf 85' lang='lat' dir='ltr'>ipsum,</span> <span class='ocrx_word' id='word_1_131' title='bbox 2070 520 2113 547; x_wconf 87' lang='lat' dir='ltr'>ut</span> <span class='ocrx_word' id='word_1_132' title='bbox 2133 525 2203 549; x_wconf 72' lang='lat' dir='ltr'>vos</span> 
     </span>
     <span class='ocr_line' id='line_1_21' title="bbox 1178 564 2202 617; baseline 0.008 -17"><span class='ocrx_word' id='word_1_133' title='bbox 1178 564 1369 612; x_wconf 83' lang='lat' dir='ltr'>fatemini3</span> <span class='ocrx_word' id='word_1_134' title='bbox 1399 566 1480 602; x_wconf 76' lang='lat' dir='ltr'>sive</span> <span class='ocrx_word' id='word_1_135' title='bbox 1507 579 1579 616; x_wconf 91' lang='lat' dir='ltr'>per</span> <span class='ocrx_word' id='word_1_136' title='bbox 1607 580 1696 613; x_wconf 69' lang='lat' dir='ltr'>vos,</span> <span class='ocrx_word' id='word_1_137' title='bbox 1732 575 1775 603; x_wconf 89' lang='lat' dir='ltr'>ut</span> <span class='ocrx_word' id='word_1_138' title='bbox 1807 567 1888 617; x_wconf 91' lang='lat' dir='ltr'>ipse</span> <span class='ocrx_word' id='word_1_139' title='bbox 1922 577 2094 616; x_wconf 85' lang='lat' dir='ltr'>testatur,</span> <span class='ocrx_word' id='word_1_140' title='bbox 2123 571 2202 608; x_wconf 76' lang='lat' dir='ltr'>haec</span> 
     </span>
     <span class='ocr_line' id='line_1_22' title="bbox 1178 625 2203 680; baseline 0.007 -19"><span class='ocrx_word' id='word_1_141' title='bbox 1178 625 1328 671; x_wconf 85' lang='lat' dir='ltr'>fecerit,</span> <span class='ocrx_word' id='word_1_142' title='bbox 1363 626 1402 662; x_wconf 90' lang='lat' dir='ltr'>in</span> <span class='ocrx_word' id='word_1_143' title='bbox 1434 639 1573 675; x_wconf 90' lang='lat' dir='ltr'>magno</span> <span class='ocrx_word' id='word_1_144' title='bbox 1605 626 1759 663; x_wconf 85' lang='lat' dir='ltr'>interim</span> <span class='ocrx_word' id='word_1_145' title='bbox 1793 628 1970 677; x_wconf 87' lang='lat' dir='ltr'>periculo</span> <span class='ocrx_word' id='word_1_146' title='bbox 2003 630 2085 667; x_wconf 90' lang='lat' dir='ltr'>fuit.</span> <span class='ocrx_word' id='word_1_147' title='bbox 2109 632 2203 680; x_wconf 86' lang='lat' dir='ltr'>Quis</span> 
     </span>
     <span class='ocr_line' id='line_1_23' title="bbox 1177 686 2203 739; baseline 0.007 -18"><span class='ocrx_word' id='word_1_148' title='bbox 1177 698 1271 722; x_wconf 77' lang='lat' dir='ltr'>vero</span> <span class='ocrx_word' id='word_1_149' title='bbox 1303 694 1379 723; x_wconf 86' lang='lat' dir='ltr'>tam</span> <span class='ocrx_word' id='word_1_150' title='bbox 1402 686 1656 733; x_wconf 88' lang='lat' dir='ltr'>inhumanus,</span> <span class='ocrx_word' id='word_1_151' title='bbox 1687 688 1752 737; x_wconf 87' lang='lat' dir='ltr'>qui</span> <span class='ocrx_word' id='word_1_152' title='bbox 1781 688 1832 724; x_wconf 90' lang='lat' dir='ltr'>sic</span> <span class='ocrx_word' id='word_1_153' title='bbox 1862 690 2094 739; x_wconf 80' lang='lat' dir='ltr'>periclitanti</span> <span class='ocrx_word' id='word_1_154' title='bbox 2123 705 2203 729; x_wconf 89' lang='lat' dir='ltr'>non</span> 
     </span>
     <span class='ocr_line' id='line_1_24' title="bbox 1177 747 2202 798; baseline 0.007 -16"><span class='ocrx_word' id='word_1_155' title='bbox 1177 755 1421 784; x_wconf 82' lang='lat' dir='ltr'>succurreret</span> <span class='ocrx_word' id='word_1_156' title='bbox 1441 747 1471 784; x_wconf 91' lang='lat' dir='ltr'>si</span> <span class='ocrx_word' id='word_1_157' title='bbox 1492 756 1641 798; x_wconf 88' lang='lat' dir='ltr'>posset,</span> <span class='ocrx_word' id='word_1_158' title='bbox 1660 761 1738 784; x_wconf 91' lang='lat' dir='ltr'>non</span> <span class='ocrx_word' id='word_1_159' title='bbox 1757 749 1976 787; x_wconf 87' lang='lat' dir='ltr'>consuleret</span> <span class='ocrx_word' id='word_1_160' title='bbox 1996 751 2026 788; x_wconf 90' lang='lat' dir='ltr'>si</span> <span class='ocrx_word' id='word_1_161' title='bbox 2046 755 2202 789; x_wconf 74' lang='lat' dir='ltr'>nosset?</span> 
     </span>
     <span class='ocr_line' id='line_1_25' title="bbox 1175 808 2202 862; baseline 0.008 -19"><span class='ocrx_word' id='word_1_162' title='bbox 1175 811 1355 844; x_wconf 85' lang='lat' dir='ltr'>Attamen</span> <span class='ocrx_word' id='word_1_163' title='bbox 1379 808 1428 855; x_wconf 90' lang='lat' dir='ltr'>si,</span> <span class='ocrx_word' id='word_1_164' title='bbox 1459 817 1502 845; x_wconf 88' lang='lat' dir='ltr'>ut</span> <span class='ocrx_word' id='word_1_165' title='bbox 1534 809 1718 856; x_wconf 86' lang='lat' dir='ltr'>asseritis,</span> <span class='ocrx_word' id='word_1_166' title='bbox 1741 823 1821 846; x_wconf 90' lang='lat' dir='ltr'>non</span> <span class='ocrx_word' id='word_1_167' title='bbox 1852 812 2074 862; x_wconf 88' lang='lat' dir='ltr'>compulsus</span> <span class='ocrx_word' id='word_1_168' title='bbox 2106 812 2202 851; x_wconf 91' lang='lat' dir='ltr'>obe-</span> 
     </span>
     <span class='ocr_line' id='line_1_26' title="bbox 1176 868 2202 922; baseline 0.006 -17"><span class='ocrx_word' id='word_1_169' title='bbox 1176 868 1319 905; x_wconf 87' lang='lat' dir='ltr'>dientia</span> <span class='ocrx_word' id='word_1_170' title='bbox 1333 899 1341 915; x_wconf 93' lang='lat'>,</span> <span class='ocrx_word' id='word_1_171' title='bbox 1363 869 1429 906; x_wconf 88' lang='lat' dir='ltr'>sed</span> <span class='ocrx_word' id='word_1_172' title='bbox 1450 870 1602 920; x_wconf 88' lang='lat' dir='ltr'>proprii</span> <span class='ocrx_word' id='word_1_173' title='bbox 1623 879 1793 921; x_wconf 73' lang='lat' dir='ltr'>quaestus</span> <span class='ocrx_word' id='word_1_174' title='bbox 1815 872 2046 922; x_wconf 88' lang='lat' dir='ltr'>cupiditate,</span> <span class='ocrx_word' id='word_1_175' title='bbox 2073 888 2115 911; x_wconf 89' lang='lat' dir='ltr'>ac</span> <span class='ocrx_word' id='word_1_176' title='bbox 2136 889 2202 912; x_wconf 70' lang='lat' dir='ltr'>va—</span> 
     </span>
     <span class='ocr_line' id='line_1_27' title="bbox 1174 930 2203 981; baseline 0.005 -15"><span class='ocrx_word' id='word_1_177' title='bbox 1174 930 1290 980; x_wconf 82' lang='lat' dir='ltr'>gandi</span> <span class='ocrx_word' id='word_1_178' title='bbox 1308 930 1548 977; x_wconf 85' lang='lat' dir='ltr'>curiositate,</span> <span class='ocrx_word' id='word_1_179' title='bbox 1571 930 1640 968; x_wconf 85' lang='lat' dir='ltr'>hac</span> <span class='ocrx_word' id='word_1_180' title='bbox 1660 931 1823 981; x_wconf 86' lang='lat' dir='ltr'>illacque</span> <span class='ocrx_word' id='word_1_181' title='bbox 1841 940 1962 969; x_wconf 88' lang='lat' dir='ltr'>artem</span> <span class='ocrx_word' id='word_1_182' title='bbox 1980 946 2087 970; x_wconf 87' lang='lat' dir='ltr'>suam</span> <span class='ocrx_word' id='word_1_183' title='bbox 2104 948 2203 971; x_wconf 74' lang='lat' dir='ltr'>ven-</span> 
     </span>
     <span class='ocr_line' id='line_1_28' title="bbox 1176 990 2203 1045; baseline 0.007 -18"><span class='ocrx_word' id='word_1_184' title='bbox 1176 990 1302 1028; x_wconf 80' lang='lat' dir='ltr'>ditans</span> <span class='ocrx_word' id='word_1_185' title='bbox 1324 990 1582 1038; x_wconf 83' lang='lat' dir='ltr'>discurrebat3</span> <span class='ocrx_word' id='word_1_186' title='bbox 1607 992 1699 1042; x_wconf 86' lang='lat' dir='ltr'>quid</span> <span class='ocrx_word' id='word_1_187' title='bbox 1731 1006 1854 1030; x_wconf 78' lang='lat' dir='ltr'>causae</span> <span class='ocrx_word' id='word_1_188' title='bbox 1885 994 2030 1031; x_wconf 77' lang='lat' dir='ltr'>exstitit</span> <span class='ocrx_word' id='word_1_189' title='bbox 2055 995 2161 1045; x_wconf 89' lang='lat' dir='ltr'>quod</span> <span class='ocrx_word' id='word_1_190' title='bbox 2182 1011 2203 1034; x_wconf 87' lang='lat' dir='ltr'>a</span> 
     </span>
     <span class='ocr_line' id='line_1_29' title="bbox 1174 1051 2201 1103; baseline 0.006 -15"><span class='ocrx_word' id='word_1_191' title='bbox 1174 1051 1285 1088; x_wconf 71' lang='lat' dir='ltr'>vobis</span> <span class='ocrx_word' id='word_1_192' title='bbox 1307 1052 1505 1090; x_wconf 79' lang='lat' dir='ltr'>discessit?</span> <span class='ocrx_word' id='word_1_193' title='bbox 1533 1058 1592 1089; x_wconf 89' lang='lat' dir='ltr'>An</span> <span class='ocrx_word' id='word_1_194' title='bbox 1623 1054 1714 1103; x_wconf 89' lang='lat' dir='ltr'>quia</span> <span class='ocrx_word' id='word_1_195' title='bbox 1739 1052 1820 1103; x_wconf 84' lang='lat' dir='ltr'>jam</span> <span class='ocrx_word' id='word_1_196' title='bbox 1851 1054 2004 1092; x_wconf 88' lang='lat' dir='ltr'>tandem</span> <span class='ocrx_word' id='word_1_197' title='bbox 2029 1069 2201 1094; x_wconf 74' lang='lat' dir='ltr'>censurae</span> 
     </span>
    </p>
   </div>
   <div class='ocr_carea' id='block_1_7' title="bbox 84 1113 2200 1166">
    <p class='ocr_par' dir='ltr' id='par_1_8' title="bbox 84 1113 2200 1166">
     <span class='ocr_line' id='line_1_30' title="bbox 84 1113 2200 1166; baseline 0 -13"><span class='ocrx_word' id='word_1_198' title='bbox 84 1116 381 1166; x_wconf 87' lang='lat' dir='ltr'>inquietationes</span> <span class='ocrx_word' id='word_1_199' title='bbox 398 1124 564 1163; x_wconf 75' lang='lat' dir='ltr'>vestras,</span> <span class='ocrx_word' id='word_1_200' title='bbox 580 1114 646 1152; x_wconf 91' lang='lat' dir='ltr'>sed</span> <span class='ocrx_word' id='word_1_201' title='bbox 664 1114 830 1152; x_wconf 89' lang='lat' dir='ltr'>necdum</span> <span class='ocrx_word' id='word_1_202' title='bbox 848 1114 1106 1151; x_wconf 84' lang='lat' dir='ltr'>stimulatores</span> <span class='ocrx_word' id='word_1_203' title='bbox 1127 1115 1154 1149; x_wconf 90' lang='lat' dir='ltr'>B</span> <span class='ocrx_word' id='word_1_204' title='bbox 1172 1114 1374 1163; x_wconf 83' lang='lat' dir='ltr'>pastoralis</span> <span class='ocrx_word' id='word_1_205' title='bbox 1401 1113 1640 1151; x_wconf 87' lang='lat' dir='ltr'>districtione</span> <span class='ocrx_word' id='word_1_206' title='bbox 1662 1128 1741 1151; x_wconf 90' lang='lat' dir='ltr'>non</span> <span class='ocrx_word' id='word_1_207' title='bbox 1770 1116 1803 1152; x_wconf 89' lang='lat' dir='ltr'>ei</span> <span class='ocrx_word' id='word_1_208' title='bbox 1824 1115 1963 1153; x_wconf 82' lang='lat' dir='ltr'>licebat</span> <span class='ocrx_word' id='word_1_209' title='bbox 1986 1116 2091 1166; x_wconf 87' lang='lat' dir='ltr'>quod</span> <span class='ocrx_word' id='word_1_210' title='bbox 2112 1126 2200 1155; x_wconf 85' lang='lat' dir='ltr'>ante</span> 
     </span>
    </p>
   </div>
   <div class='ocr_carea' id='block_1_8' title="bbox 78 1175 1105 1900">
    <p class='ocr_par' dir='ltr' id='par_1_9' title="bbox 78 1175 1105 1900">
     <span class='ocr_line' id='line_1_31' title="bbox 83 1175 1104 1227; baseline -0.003 -13"><span class='ocrx_word' id='word_1_211' title='bbox 83 1185 121 1214; x_wconf 89' lang='lat' dir='ltr'>et</span> <span class='ocrx_word' id='word_1_212' title='bbox 151 1176 430 1227; x_wconf 85' lang='lat' dir='ltr'>inquietatores</span> <span class='ocrx_word' id='word_1_213' title='bbox 454 1177 558 1227; x_wconf 91' lang='lat' dir='ltr'>ipsos</span> <span class='ocrx_word' id='word_1_214' title='bbox 593 1175 832 1226; x_wconf 76' lang='lat' dir='ltr'>agnovimus.</span> <span class='ocrx_word' id='word_1_215' title='bbox 866 1178 943 1213; x_wconf 70' lang='lat' dir='ltr'>Vos</span> <span class='ocrx_word' id='word_1_216' title='bbox 977 1183 1104 1212; x_wconf 86' lang='lat' dir='ltr'>tamen</span> 
     </span>
     <span class='ocr_line' id='line_1_32' title="bbox 81 1235 1105 1286; baseline -0.001 -11"><span class='ocrx_word' id='word_1_217' title='bbox 81 1237 130 1275; x_wconf 84' lang='lat' dir='ltr'>ad</span> <span class='ocrx_word' id='word_1_218' title='bbox 156 1238 463 1276; x_wconf 79' lang='lat' dir='ltr'>convincendum</span> <span class='ocrx_word' id='word_1_219' title='bbox 498 1251 569 1275; x_wconf 90' lang='lat' dir='ltr'>nos</span> <span class='ocrx_word' id='word_1_220' title='bbox 599 1237 646 1274; x_wconf 89' lang='lat' dir='ltr'>de</span> <span class='ocrx_word' id='word_1_221' title='bbox 678 1237 855 1274; x_wconf 86' lang='lat' dir='ltr'>simulata</span> <span class='ocrx_word' id='word_1_222' title='bbox 884 1235 1105 1286; x_wconf 78' lang='lat' dir='ltr'>ignorantia</span> 
     </span>
     <span class='ocr_line' id='line_1_33' title="bbox 80 1296 1104 1348; baseline -0.001 -13"><span class='ocrx_word' id='word_1_223' title='bbox 80 1298 370 1336; x_wconf 80' lang='lat' dir='ltr'>invictissimum</span> <span class='ocrx_word' id='word_1_224' title='bbox 387 1305 657 1348; x_wconf 80' lang='lat' dir='ltr'>argumentum</span> <span class='ocrx_word' id='word_1_225' title='bbox 674 1296 874 1343; x_wconf 86' lang='lat' dir='ltr'>inducitis,</span> <span class='ocrx_word' id='word_1_226' title='bbox 894 1310 972 1333; x_wconf 91' lang='lat' dir='ltr'>non</span> <span class='ocrx_word' id='word_1_227' title='bbox 992 1310 1104 1346; x_wconf 88' lang='lat' dir='ltr'>posse</span> 
     </span>
     <span class='ocr_line' id='line_1_34' title="bbox 81 1357 1104 1409; baseline -0.001 -13"><span class='ocrx_word' id='word_1_228' title='bbox 81 1359 260 1396; x_wconf 79' lang='lat' dir='ltr'>videlicet</span> <span class='ocrx_word' id='word_1_229' title='bbox 276 1359 430 1409; x_wconf 84' lang='lat' dir='ltr'>ignotos</span> <span class='ocrx_word' id='word_1_230' title='bbox 451 1372 533 1396; x_wconf 89' lang='lat' dir='ltr'>esse</span> <span class='ocrx_word' id='word_1_231' title='bbox 554 1357 685 1405; x_wconf 81' lang='lat' dir='ltr'>nobis,</span> <span class='ocrx_word' id='word_1_232' title='bbox 706 1371 874 1408; x_wconf 88' lang='lat' dir='ltr'>quorum</span> <span class='ocrx_word' id='word_1_233' title='bbox 896 1366 934 1394; x_wconf 87' lang='lat' dir='ltr'>et</span> <span class='ocrx_word' id='word_1_234' title='bbox 955 1357 1104 1395; x_wconf 86' lang='lat' dir='ltr'>abbatis</span> 
     </span>
     <span class='ocr_line' id='line_1_35' title="bbox 80 1418 1104 1470; baseline -0.002 -13"><span class='ocrx_word' id='word_1_235' title='bbox 80 1419 242 1466; x_wconf 89' lang='lat' dir='ltr'>scilicet,</span> <span class='ocrx_word' id='word_1_236' title='bbox 276 1428 314 1457; x_wconf 89' lang='lat' dir='ltr'>et</span> <span class='ocrx_word' id='word_1_237' title='bbox 339 1420 461 1470; x_wconf 89' lang='lat' dir='ltr'>ipsius</span> <span class='ocrx_word' id='word_1_238' title='bbox 487 1419 709 1456; x_wconf 88' lang='lat' dir='ltr'>monasterii</span> <span class='ocrx_word' id='word_1_239' title='bbox 739 1432 883 1456; x_wconf 88' lang='lat' dir='ltr'>nomen</span> <span class='ocrx_word' id='word_1_240' title='bbox 902 1418 939 1455; x_wconf 89' lang='lat' dir='ltr'>in</span> <span class='ocrx_word' id='word_1_241' title='bbox 962 1419 1104 1456; x_wconf 88' lang='lat' dir='ltr'>nostris</span> 
     </span>
     <span class='ocr_line' id='line_1_36' title="bbox 81 1479 1103 1531; baseline -0.002 -14"><span class='ocrx_word' id='word_1_242' title='bbox 81 1480 279 1531; x_wconf 89' lang='lat' dir='ltr'>posuimus</span> <span class='ocrx_word' id='word_1_243' title='bbox 306 1480 444 1517; x_wconf 88' lang='lat' dir='ltr'>litteris</span> <span class='ocrx_word' id='word_1_244' title='bbox 467 1494 475 1516; x_wconf 92' lang='lat'>:</span> <span class='ocrx_word' id='word_1_245' title='bbox 497 1479 607 1530; x_wconf 85' lang='lat' dir='ltr'>quasi</span> <span class='ocrx_word' id='word_1_246' title='bbox 635 1493 728 1516; x_wconf 78' lang='lat' dir='ltr'>mox</span> <span class='ocrx_word' id='word_1_247' title='bbox 759 1487 803 1516; x_wconf 91' lang='lat' dir='ltr'>ut</span> <span class='ocrx_word' id='word_1_248' title='bbox 832 1492 961 1516; x_wconf 90' lang='lat' dir='ltr'>rerum</span> <span class='ocrx_word' id='word_1_249' title='bbox 987 1493 1103 1516; x_wconf 76' lang='lat' dir='ltr'>voca-</span> 
     </span>
     <span class='ocr_line' id='line_1_37' title="bbox 80 1539 1102 1591; baseline 0.002 -15"><span class='ocrx_word' id='word_1_250' title='bbox 80 1539 169 1577; x_wconf 86' lang='lat' dir='ltr'>bula</span> <span class='ocrx_word' id='word_1_251' title='bbox 184 1540 343 1587; x_wconf 88' lang='lat' dir='ltr'>scimus,</span> <span class='ocrx_word' id='word_1_252' title='bbox 360 1540 473 1577; x_wconf 88' lang='lat' dir='ltr'>etiam</span> <span class='ocrx_word' id='word_1_253' title='bbox 491 1553 551 1577; x_wconf 90' lang='lat' dir='ltr'>res</span> <span class='ocrx_word' id='word_1_254' title='bbox 567 1541 669 1591; x_wconf 84' lang='lat' dir='ltr'>ipsas</span> <span class='ocrx_word' id='word_1_255' title='bbox 683 1540 920 1577; x_wconf 73' lang='lat' dir='ltr'>noverimus.</span> <span class='ocrx_word' id='word_1_256' title='bbox 935 1541 1102 1578; x_wconf 86' lang='lat' dir='ltr'>Multum</span> 
     </span>
     <span class='ocr_line' id='line_1_38' title="bbox 80 1600 1103 1652; baseline 0.001 -14"><span class='ocrx_word' id='word_1_257' title='bbox 80 1614 170 1652; x_wconf 86' lang='lat' dir='ltr'>ergo</span> <span class='ocrx_word' id='word_1_258' title='bbox 192 1602 294 1639; x_wconf 82' lang='lat' dir='ltr'>valet</span> <span class='ocrx_word' id='word_1_259' title='bbox 313 1601 407 1638; x_wconf 89' lang='lat' dir='ltr'>mihi</span> <span class='ocrx_word' id='word_1_260' title='bbox 426 1601 641 1649; x_wconf 87' lang='lat' dir='ltr'>Michaelis,</span> <span class='ocrx_word' id='word_1_261' title='bbox 663 1600 875 1648; x_wconf 78' lang='lat' dir='ltr'>Gabrielis,</span> <span class='ocrx_word' id='word_1_262' title='bbox 896 1601 1103 1652; x_wconf 88' lang='lat' dir='ltr'>Raphaelis</span> 
     </span>
     <span class='ocr_line' id='line_1_39' title="bbox 79 1661 1103 1713; baseline -0.002 -12"><span class='ocrx_word' id='word_1_263' title='bbox 79 1663 236 1701; x_wconf 89' lang='lat' dir='ltr'>nomina</span> <span class='ocrx_word' id='word_1_264' title='bbox 254 1676 390 1710; x_wconf 85' lang='lat' dir='ltr'>nosse3</span> <span class='ocrx_word' id='word_1_265' title='bbox 414 1663 571 1713; x_wconf 89' lang='lat' dir='ltr'>quando</span> <span class='ocrx_word' id='word_1_266' title='bbox 593 1677 640 1700; x_wconf 79' lang='lat' dir='ltr'>ex</span> <span class='ocrx_word' id='word_1_267' title='bbox 664 1663 748 1700; x_wconf 91' lang='lat' dir='ltr'>solo</span> <span class='ocrx_word' id='word_1_268' title='bbox 776 1662 911 1699; x_wconf 89' lang='lat' dir='ltr'>auditu</span> <span class='ocrx_word' id='word_1_269' title='bbox 931 1661 1103 1700; x_wconf 79' lang='lat' dir='ltr'>vocabu-</span> 
     </span>
     <span class='ocr_line' id='line_1_40' title="bbox 79 1725 1100 1777; baseline 0 -15"><span class='ocrx_word' id='word_1_270' title='bbox 79 1725 224 1772; x_wconf 90' lang='lat' dir='ltr'>lorum,</span> <span class='ocrx_word' id='word_1_271' title='bbox 247 1726 362 1763; x_wconf 89' lang='lat' dir='ltr'>etiam</span> <span class='ocrx_word' id='word_1_272' title='bbox 393 1725 441 1763; x_wconf 89' lang='lat' dir='ltr'>de</span> <span class='ocrx_word' id='word_1_273' title='bbox 472 1725 648 1777; x_wconf 87' lang='lat' dir='ltr'>ipsorum</span> <span class='ocrx_word' id='word_1_274' title='bbox 667 1725 872 1763; x_wconf 87' lang='lat' dir='ltr'>beatorum</span> <span class='ocrx_word' id='word_1_275' title='bbox 895 1725 1100 1775; x_wconf 90' lang='lat' dir='ltr'>spirituum</span> 
     </span>
     <span class='ocr_line' id='line_1_41' title="bbox 78 1785 1099 1837; baseline -0.001 -13"><span class='ocrx_word' id='word_1_276' title='bbox 78 1787 294 1837; x_wconf 87' lang='lat' dir='ltr'>cognitione</span> <span class='ocrx_word' id='word_1_277' title='bbox 311 1785 391 1836; x_wconf 86' lang='lat' dir='ltr'>jam</span> <span class='ocrx_word' id='word_1_278' title='bbox 423 1786 560 1825; x_wconf 86' lang='lat' dir='ltr'>beatus</span> <span class='ocrx_word' id='word_1_279' title='bbox 588 1801 686 1825; x_wconf 90' lang='lat' dir='ltr'>sum.</span> <span class='ocrx_word' id='word_1_280' title='bbox 719 1791 806 1825; x_wconf 57' lang='lat' dir='ltr'>Non</span> <span class='ocrx_word' id='word_1_281' title='bbox 837 1787 1099 1834; x_wconf 86' lang='lat' dir='ltr'>mediocriter,</span> 
     </span>
     <span class='ocr_line' id='line_1_42' title="bbox 78 1847 1101 1900; baseline -0.001 -14"><span class='ocrx_word' id='word_1_282' title='bbox 78 1849 252 1899; x_wconf 88' lang='lat' dir='ltr'>inquam,</span> <span class='ocrx_word' id='word_1_283' title='bbox 277 1849 444 1900; x_wconf 86' lang='lat' dir='ltr'>profeci,</span> <span class='ocrx_word' id='word_1_284' title='bbox 467 1849 558 1899; x_wconf 88' lang='lat' dir='ltr'>quia</span> <span class='ocrx_word' id='word_1_285' title='bbox 574 1848 690 1886; x_wconf 87' lang='lat' dir='ltr'>didici</span> <span class='ocrx_word' id='word_1_286' title='bbox 711 1847 759 1886; x_wconf 89' lang='lat' dir='ltr'>ab</span> <span class='ocrx_word' id='word_1_287' title='bbox 778 1848 966 1899; x_wconf 86' lang='lat' dir='ltr'>Apostolo</span> <span class='ocrx_word' id='word_1_288' title='bbox 987 1862 1101 1899; x_wconf 87' lang='lat' dir='ltr'>para-</span> 
     </span>
    </p>
   </div>
   <div class='ocr_carea' id='block_1_9' title="bbox 1168 1173 2201 1897">
    <p class='ocr_par' dir='ltr' id='par_1_10' title="bbox 1169 1173 2201 1650">
     <span class='ocr_line' id='line_1_43' title="bbox 1173 1173 2196 1227; baseline 0.005 -18"><span class='ocrx_word' id='word_1_289' title='bbox 1173 1173 1358 1211; x_wconf 78' lang='lat' dir='ltr'>licuerat?</span> <span class='ocrx_word' id='word_1_290' title='bbox 1386 1176 1463 1212; x_wconf 89' lang='lat' dir='ltr'>Cur</span> <span class='ocrx_word' id='word_1_291' title='bbox 1484 1174 1601 1224; x_wconf 87' lang='lat' dir='ltr'>igitur</span> <span class='ocrx_word' id='word_1_292' title='bbox 1621 1188 1709 1211; x_wconf 88' lang='lat' dir='ltr'>cum</span> <span class='ocrx_word' id='word_1_293' title='bbox 1738 1174 1819 1225; x_wconf 83' lang='lat' dir='ltr'>jam</span> <span class='ocrx_word' id='word_1_294' title='bbox 1850 1175 1955 1227; x_wconf 85' lang='lat' dir='ltr'>apud</span> <span class='ocrx_word' id='word_1_295' title='bbox 1976 1189 2046 1213; x_wconf 89' lang='lat' dir='ltr'>nos</span> <span class='ocrx_word' id='word_1_296' title='bbox 2075 1186 2196 1224; x_wconf 89' lang='lat' dir='ltr'>esset,</span> 
     </span>
     <span class='ocr_line' id='line_1_44' title="bbox 1172 1235 2200 1286; baseline 0.005 -16"><span class='ocrx_word' id='word_1_297' title='bbox 1172 1235 1345 1271; x_wconf 75' lang='lat' dir='ltr'>volentes</span> <span class='ocrx_word' id='word_1_298' title='bbox 1376 1248 1463 1271; x_wconf 90' lang='lat' dir='ltr'>eum</span> <span class='ocrx_word' id='word_1_299' title='bbox 1499 1249 1701 1282; x_wconf 78' lang='lat' dir='ltr'>revocare,</span> <span class='ocrx_word' id='word_1_300' title='bbox 1731 1236 1779 1273; x_wconf 89' lang='lat' dir='ltr'>ad</span> <span class='ocrx_word' id='word_1_301' title='bbox 1800 1237 2122 1286; x_wconf 77' lang='lat' dir='ltr'>&#39;persuadendum</span> <span class='ocrx_word' id='word_1_302' title='bbox 2153 1239 2200 1276; x_wconf 84' lang='lat' dir='ltr'>de</span> 
     </span>
     <span class='ocr_line' id='line_1_45' title="bbox 1171 1294 2199 1346; baseline 0.006 -16"><span class='ocrx_word' id='word_1_303' title='bbox 1171 1294 1298 1331; x_wconf 89' lang='lat' dir='ltr'>reditu</span> <span class='ocrx_word' id='word_1_304' title='bbox 1327 1295 1557 1345; x_wconf 86' lang='lat' dir='ltr'>promisistis</span> <span class='ocrx_word' id='word_1_305' title='bbox 1589 1297 1623 1332; x_wconf 90' lang='lat' dir='ltr'>ei</span> <span class='ocrx_word' id='word_1_306' title='bbox 1651 1297 1821 1346; x_wconf 89' lang='lat' dir='ltr'>quietem</span> <span class='ocrx_word' id='word_1_307' title='bbox 1854 1298 1893 1334; x_wconf 94' lang='lat' dir='ltr'>in</span> <span class='ocrx_word' id='word_1_308' title='bbox 1915 1298 2105 1345; x_wconf 82' lang='lat' dir='ltr'>claustr03</span> <span class='ocrx_word' id='word_1_309' title='bbox 2128 1301 2199 1337; x_wconf 85' lang='lat' dir='ltr'>nisi</span> 
     </span>
     <span class='ocr_line' id='line_1_46' title="bbox 1171 1355 2200 1410; baseline 0.006 -19"><span class='ocrx_word' id='word_1_310' title='bbox 1171 1355 1261 1404; x_wconf 89' lang='lat' dir='ltr'>quia</span> <span class='ocrx_word' id='word_1_311' title='bbox 1274 1356 1348 1392; x_wconf 91' lang='lat' dir='ltr'>hoc</span> <span class='ocrx_word' id='word_1_312' title='bbox 1363 1357 1461 1393; x_wconf 74' lang='lat' dir='ltr'>velle</span> <span class='ocrx_word' id='word_1_313' title='bbox 1476 1356 1672 1394; x_wconf 89' lang='lat' dir='ltr'>hominem</span> <span class='ocrx_word' id='word_1_314' title='bbox 1692 1359 1906 1405; x_wconf 77' lang='lat' dir='ltr'>noveratis,</span> <span class='ocrx_word' id='word_1_315' title='bbox 1927 1359 2000 1395; x_wconf 90' lang='lat' dir='ltr'>hoc</span> <span class='ocrx_word' id='word_1_316' title='bbox 2017 1361 2200 1410; x_wconf 58' lang='lat' dir='ltr'>quaesisse</span> 
     </span>
     <span class='ocr_line' id='line_1_47' title="bbox 1172 1416 2197 1470; baseline 0.006 -18"><span class='ocrx_word' id='word_1_317' title='bbox 1172 1416 1459 1453; x_wconf 79' lang='lat' dir='ltr'>memineratis?</span> <span class='ocrx_word' id='word_1_318' title='bbox 1478 1421 1529 1454; x_wconf 87' lang='lat' dir='ltr'>At</span> <span class='ocrx_word' id='word_1_319' title='bbox 1550 1418 1612 1454; x_wconf 92' lang='lat' dir='ltr'>ille</span> <span class='ocrx_word' id='word_1_320' title='bbox 1629 1417 1709 1467; x_wconf 84' lang='lat' dir='ltr'>jam</span> <span class='ocrx_word' id='word_1_321' title='bbox 1732 1418 1873 1469; x_wconf 89' lang='lat' dir='ltr'>adepto</span> <span class='ocrx_word' id='word_1_322' title='bbox 1900 1420 2003 1470; x_wconf 89' lang='lat' dir='ltr'>apud</span> <span class='ocrx_word' id='word_1_323' title='bbox 2027 1421 2173 1458; x_wconf 86' lang='lat' dir='ltr'>alienos</span> <span class='ocrx_word' id='word_1_324' title='bbox 2188 1451 2197 1467; x_wconf 93' lang='lat'>,</span> 
     </span>
     <span class='ocr_line' id='line_1_48' title="bbox 1170 1477 2200 1531; baseline 0.007 -18"><span class='ocrx_word' id='word_1_325' title='bbox 1170 1477 1275 1527; x_wconf 89' lang='lat' dir='ltr'>quod</span> <span class='ocrx_word' id='word_1_326' title='bbox 1291 1491 1368 1514; x_wconf 90' lang='lat' dir='ltr'>non</span> <span class='ocrx_word' id='word_1_327' title='bbox 1383 1478 1512 1529; x_wconf 87' lang='lat' dir='ltr'>potuit</span> <span class='ocrx_word' id='word_1_328' title='bbox 1525 1478 1626 1515; x_wconf 90' lang='lat' dir='ltr'>inter</span> <span class='ocrx_word' id='word_1_329' title='bbox 1640 1492 1751 1525; x_wconf 88' lang='lat' dir='ltr'>suos;</span> <span class='ocrx_word' id='word_1_330' title='bbox 1770 1493 1819 1516; x_wconf 88' lang='lat' dir='ltr'>ne</span> <span class='ocrx_word' id='word_1_331' title='bbox 1836 1489 1938 1517; x_wconf 88' lang='lat' dir='ltr'>certa</span> <span class='ocrx_word' id='word_1_332' title='bbox 1953 1494 2025 1531; x_wconf 87' lang='lat' dir='ltr'>pro</span> <span class='ocrx_word' id='word_1_333' title='bbox 2042 1482 2200 1520; x_wconf 89' lang='lat' dir='ltr'>incertis</span> 
     </span>
     <span class='ocr_line' id='line_1_49' title="bbox 1171 1537 2201 1594; baseline 0.007 -20"><span class='ocrx_word' id='word_1_334' title='bbox 1171 1537 1384 1586; x_wconf 88' lang='lat' dir='ltr'>desereret,</span> <span class='ocrx_word' id='word_1_335' title='bbox 1412 1539 1533 1576; x_wconf 89' lang='lat' dir='ltr'>tenuit</span> <span class='ocrx_word' id='word_1_336' title='bbox 1553 1553 1631 1589; x_wconf 89' lang='lat' dir='ltr'>quo</span> <span class='ocrx_word' id='word_1_337' title='bbox 1659 1539 1738 1589; x_wconf 89' lang='lat' dir='ltr'>jam</span> <span class='ocrx_word' id='word_1_338' title='bbox 1769 1540 1983 1589; x_wconf 80' lang='lat' dir='ltr'>fruebatur,</span> <span class='ocrx_word' id='word_1_339' title='bbox 2013 1555 2201 1594; x_wconf 87' lang='lat' dir='ltr'>spernens</span> 
     </span>
     <span class='ocr_line' id='line_1_50' title="bbox 1169 1599 1746 1650; baseline 0.003 -14"><span class='ocrx_word' id='word_1_340' title='bbox 1169 1599 1277 1650; x_wconf 90' lang='lat' dir='ltr'>quod</span> <span class='ocrx_word' id='word_1_341' title='bbox 1295 1614 1381 1637; x_wconf 88' lang='lat' dir='ltr'>sero</span> <span class='ocrx_word' id='word_1_342' title='bbox 1403 1599 1474 1637; x_wconf 87' lang='lat' dir='ltr'>sibi</span> <span class='ocrx_word' id='word_1_343' title='bbox 1495 1600 1746 1638; x_wconf 85' lang='lat' dir='ltr'>offerebatur.</span> 
     </span>
    </p>

    <p class='ocr_par' dir='ltr' id='par_1_11' title="bbox 1168 1661 2200 1897">
     <span class='ocr_line' id='line_1_51' title="bbox 1223 1661 2198 1712; baseline 0.006 -15"><span class='ocrx_word' id='word_1_344' title='bbox 1223 1661 1259 1698; x_wconf 78' lang='lat'>4.</span> <span class='ocrx_word' id='word_1_345' title='bbox 1292 1661 1464 1698; x_wconf 86' lang='lat' dir='ltr'>Desinite</span> <span class='ocrx_word' id='word_1_346' title='bbox 1492 1662 1640 1712; x_wconf 85' lang='lat' dir='ltr'>itaque,</span> <span class='ocrx_word' id='word_1_347' title='bbox 1673 1663 1827 1708; x_wconf 87' lang='lat' dir='ltr'>fratres,</span> <span class='ocrx_word' id='word_1_348' title='bbox 1858 1663 2019 1701; x_wconf 88' lang='lat' dir='ltr'>desinite</span> <span class='ocrx_word' id='word_1_349' title='bbox 2041 1666 2198 1703; x_wconf 85' lang='lat' dir='ltr'>fratrem</span> 
     </span>
     <span class='ocr_line' id='line_1_52' title="bbox 1168 1721 2200 1773; baseline 0.006 -15"><span class='ocrx_word' id='word_1_350' title='bbox 1168 1722 1393 1769; x_wconf 88' lang='lat' dir='ltr'>sollicitare,</span> <span class='ocrx_word' id='word_1_351' title='bbox 1424 1721 1472 1759; x_wconf 90' lang='lat' dir='ltr'>de</span> <span class='ocrx_word' id='word_1_352' title='bbox 1502 1736 1581 1773; x_wconf 90' lang='lat' dir='ltr'>quo</span> <span class='ocrx_word' id='word_1_353' title='bbox 1611 1736 1691 1760; x_wconf 92' lang='lat' dir='ltr'>non</span> <span class='ocrx_word' id='word_1_354' title='bbox 1724 1723 1836 1761; x_wconf 68' lang='lat' dir='ltr'>valde</span> <span class='ocrx_word' id='word_1_355' title='bbox 1869 1738 2022 1762; x_wconf 85' lang='lat' dir='ltr'>necesse</span> <span class='ocrx_word' id='word_1_356' title='bbox 2053 1735 2110 1764; x_wconf 89' lang='lat' dir='ltr'>est</span> <span class='ocrx_word' id='word_1_357' title='bbox 2129 1740 2200 1764; x_wconf 75' lang='lat' dir='ltr'>vos</span> 
     </span>
     <span class='ocr_line' id='line_1_53' title="bbox 1170 1783 2200 1837; baseline 0.005 -17"><span class='ocrx_word' id='word_1_358' title='bbox 1170 1783 1355 1820; x_wconf 81' lang='lat' dir='ltr'>sollicitos</span> <span class='ocrx_word' id='word_1_359' title='bbox 1386 1796 1467 1820; x_wconf 90' lang='lat' dir='ltr'>esse</span> <span class='ocrx_word' id='word_1_360' title='bbox 1505 1796 1513 1819; x_wconf 78' lang='lat' dir='ltr'>t</span> <span class='ocrx_word' id='word_1_361' title='bbox 1551 1784 1624 1821; x_wconf 90' lang='lat' dir='ltr'>nisi</span> <span class='ocrx_word' id='word_1_362' title='bbox 1657 1784 1775 1831; x_wconf 88' lang='lat' dir='ltr'>forte,</span> <span class='ocrx_word' id='word_1_363' title='bbox 1816 1785 1923 1835; x_wconf 88' lang='lat' dir='ltr'>quod</span> <span class='ocrx_word' id='word_1_364' title='bbox 1959 1785 2075 1831; x_wconf 88' lang='lat' dir='ltr'>absit,</span> <span class='ocrx_word' id='word_1_365' title='bbox 2113 1801 2200 1837; x_wconf 75' lang='lat' dir='ltr'>quae</span> 
     </span>
     <span class='ocr_line' id='line_1_54' title="bbox 1169 1845 2195 1897; baseline 0.005 -17"><span class='ocrx_word' id='word_1_366' title='bbox 1169 1852 1315 1891; x_wconf 74' lang='lat' dir='ltr'>vestra,</span> <span class='ocrx_word' id='word_1_367' title='bbox 1343 1857 1422 1881; x_wconf 91' lang='lat' dir='ltr'>non</span> <span class='ocrx_word' id='word_1_368' title='bbox 1453 1857 1538 1894; x_wconf 85' lang='lat' dir='ltr'>quae</span> <span class='ocrx_word' id='word_1_369' title='bbox 1568 1849 1660 1883; x_wconf 88' lang='lat' dir='ltr'>Jesu</span> <span class='ocrx_word' id='word_1_370' title='bbox 1688 1845 1826 1883; x_wconf 81' lang='lat' dir='ltr'>Christi</span> <span class='ocrx_word' id='word_1_371' title='bbox 1857 1855 1967 1894; x_wconf 87' lang='lat' dir='ltr'>sunt,</span> <span class='ocrx_word' id='word_1_372' title='bbox 1989 1849 2195 1897; x_wconf 68' lang='lat' dir='ltr'>quaeratis,</span> 
     </span>
    </p>
   </div>
   <div class='ocr_carea' id='block_1_10' title="bbox 79 1905 2198 1959">
    <p class='ocr_par' dir='ltr' id='par_1_12' title="bbox 79 1905 2198 1959">
     <span class='ocr_line' id='line_1_55' title="bbox 79 1905 2198 1959; baseline 0.003 -18"><span class='ocrx_word' id='word_1_373' title='bbox 79 1909 200 1947; x_wconf 83' lang='lat' dir='ltr'>disum</span> <span class='ocrx_word' id='word_1_374' title='bbox 220 1918 258 1947; x_wconf 76' lang='lat' dir='ltr'>et</span> <span class='ocrx_word' id='word_1_375' title='bbox 275 1910 429 1947; x_wconf 74' lang='lat' dir='ltr'>tertium</span> <span class='ocrx_word' id='word_1_376' title='bbox 447 1911 582 1947; x_wconf 77' lang='lat' dir='ltr'>coelum</span> <span class='ocrx_word' id='word_1_377' title='bbox 600 1910 822 1957; x_wconf 69' lang='lat' dir='ltr'>nominare,</span> <span class='ocrx_word' id='word_1_378' title='bbox 843 1909 873 1946; x_wconf 83' lang='lat' dir='ltr'>si</span> <span class='ocrx_word' id='word_1_379' title='bbox 888 1910 1002 1947; x_wconf 77' lang='lat' dir='ltr'>etiam</span> <span class='ocrx_word' id='word_1_380' title='bbox 1021 1923 1101 1947; x_wconf 87' lang='lat' dir='ltr'>non</span> <span class='ocrx_word' id='word_1_381' title='bbox 1123 1906 1150 1943; x_wconf 92' lang='lat' dir='ltr'>C</span> <span class='ocrx_word' id='word_1_382' title='bbox 1172 1913 1210 1941; x_wconf 87' lang='lat' dir='ltr'>et</span> <span class='ocrx_word' id='word_1_383' title='bbox 1232 1905 1352 1955; x_wconf 89' lang='lat' dir='ltr'>magis</span> <span class='ocrx_word' id='word_1_384' title='bbox 1375 1914 1547 1942; x_wconf 67' lang='lat' dir='ltr'>vestrum</span> <span class='ocrx_word' id='word_1_385' title='bbox 1578 1905 1624 1943; x_wconf 88' lang='lat' dir='ltr'>de</span> <span class='ocrx_word' id='word_1_386' title='bbox 1654 1906 1720 1944; x_wconf 90' lang='lat' dir='ltr'>illo</span> <span class='ocrx_word' id='word_1_387' title='bbox 1751 1907 1953 1954; x_wconf 83' lang='lat' dir='ltr'>solatium,</span> <span class='ocrx_word' id='word_1_388' title='bbox 1977 1922 2093 1958; x_wconf 85' lang='lat' dir='ltr'>quam</span> <span class='ocrx_word' id='word_1_389' title='bbox 2115 1909 2198 1959; x_wconf 83' lang='lat' dir='ltr'>ejus</span> 
     </span>
    </p>
   </div>
   <div class='ocr_carea' id='block_1_11' title="bbox 78 1969 1103 2081">
    <p class='ocr_par' dir='ltr' id='par_1_13' title="bbox 78 1969 1103 2081">
     <span class='ocr_line' id='line_1_56' title="bbox 78 1969 1103 2021; baseline 0.001 -14"><span class='ocrx_word' id='word_1_390' title='bbox 78 1978 208 2020; x_wconf 85' lang='lat' dir='ltr'>raptus</span> <span class='ocrx_word' id='word_1_391' title='bbox 221 1983 308 2007; x_wconf 90' lang='lat' dir='ltr'>cum</span> <span class='ocrx_word' id='word_1_392' title='bbox 323 1971 532 2021; x_wconf 86' lang='lat' dir='ltr'>Apostolo,</span> <span class='ocrx_word' id='word_1_393' title='bbox 549 1971 641 2008; x_wconf 91' lang='lat' dir='ltr'>solis</span> <span class='ocrx_word' id='word_1_394' title='bbox 656 1984 702 2007; x_wconf 78' lang='lat' dir='ltr'>ex</span> <span class='ocrx_word' id='word_1_395' title='bbox 718 1969 941 2008; x_wconf 90' lang='lat' dir='ltr'>nominibus</span> <span class='ocrx_word' id='word_1_396' title='bbox 955 1980 1103 2009; x_wconf 88' lang='lat' dir='ltr'>secreta</span> 
     </span>
     <span class='ocr_line' id='line_1_57' title="bbox 78 2030 1096 2081; baseline 0.001 -13"><span class='ocrx_word' id='word_1_397' title='bbox 78 2032 244 2069; x_wconf 89' lang='lat' dir='ltr'>coelestia</span> <span class='ocrx_word' id='word_1_398' title='bbox 267 2030 348 2081; x_wconf 89' lang='lat' dir='ltr'>jam</span> <span class='ocrx_word' id='word_1_399' title='bbox 368 2032 480 2078; x_wconf 89' lang='lat' dir='ltr'>novi,</span> <span class='ocrx_word' id='word_1_400' title='bbox 504 2041 543 2069; x_wconf 91' lang='lat' dir='ltr'>et</span> <span class='ocrx_word' id='word_1_401' title='bbox 565 2032 697 2069; x_wconf 82' lang='lat' dir='ltr'>audivi</span> <span class='ocrx_word' id='word_1_402' title='bbox 724 2031 936 2069; x_wconf 87' lang='lat' dir='ltr'>ineffabilia</span> <span class='ocrx_word' id='word_1_403' title='bbox 956 2031 1096 2079; x_wconf 74' lang='lat' dir='ltr'>verba,</span> 
     </span>
    </p>
   </div>
   <div class='ocr_carea' id='block_1_12' title="bbox 38 2092 1099 2143">
    <p class='ocr_par' dir='ltr' id='par_1_14' title="bbox 38 2092 1099 2143">
     <span class='ocr_line' id='line_1_58' title="bbox 38 2092 1099 2143; baseline 0.002 -14"><span class='ocrx_word' id='word_1_404' title='bbox 38 2125 44 2128; x_wconf 92' lang='lat'>.</span> <span class='ocrx_word' id='word_1_405' title='bbox 78 2105 161 2142; x_wconf 77' lang='lat' dir='ltr'>quae</span> <span class='ocrx_word' id='word_1_406' title='bbox 189 2106 268 2129; x_wconf 89' lang='lat' dir='ltr'>non</span> <span class='ocrx_word' id='word_1_407' title='bbox 299 2093 388 2129; x_wconf 88' lang='lat' dir='ltr'>licet</span> <span class='ocrx_word' id='word_1_408' title='bbox 415 2092 565 2129; x_wconf 89' lang='lat' dir='ltr'>homini</span> <span class='ocrx_word' id='word_1_409' title='bbox 594 2093 714 2143; x_wconf 86' lang='lat' dir='ltr'>loqui.</span> <span class='ocrx_word' id='word_1_410' title='bbox 735 2093 882 2131; x_wconf 88' lang='lat' dir='ltr'>Stultus</span> <span class='ocrx_word' id='word_1_411' title='bbox 913 2106 1004 2143; x_wconf 87' lang='lat' dir='ltr'>ego,</span> <span class='ocrx_word' id='word_1_412' title='bbox 1035 2094 1099 2143; x_wconf 89' lang='lat' dir='ltr'>qui</span> 
     </span>
    </p>
   </div>
   <div class='ocr_carea' id='block_1_13' title="bbox 73 2150 1099 2691">
    <p class='ocr_par' dir='ltr' id='par_1_15' title="bbox 73 2150 1099 2504">
     <span class='ocr_line' id='line_1_59' title="bbox 73 2150 1099 2204; baseline 0.002 -15"><span class='ocrx_word' id='word_1_413' title='bbox 73 2150 151 2202; x_wconf 87' lang='lat' dir='ltr'>jam</span> <span class='ocrx_word' id='word_1_414' title='bbox 177 2153 299 2190; x_wconf 91' lang='lat' dir='ltr'>sciens</span> <span class='ocrx_word' id='word_1_415' title='bbox 325 2166 471 2190; x_wconf 89' lang='lat' dir='ltr'>nomen</span> <span class='ocrx_word' id='word_1_416' title='bbox 496 2153 568 2191; x_wconf 90' lang='lat' dir='ltr'>Dei</span> <span class='ocrx_word' id='word_1_417' title='bbox 589 2154 685 2200; x_wconf 89' lang='lat' dir='ltr'>mei,</span> <span class='ocrx_word' id='word_1_418' title='bbox 707 2154 839 2191; x_wconf 89' lang='lat' dir='ltr'>nescio</span> <span class='ocrx_word' id='word_1_419' title='bbox 860 2154 951 2204; x_wconf 90' lang='lat' dir='ltr'>quid</span> <span class='ocrx_word' id='word_1_420' title='bbox 974 2154 1099 2192; x_wconf 90' lang='lat' dir='ltr'>adhuc</span> 
     </span>
     <span class='ocr_line' id='line_1_60' title="bbox 77 2212 1099 2265; baseline 0.003 -16"><span class='ocrx_word' id='word_1_421' title='bbox 77 2212 268 2264; x_wconf 89' lang='lat' dir='ltr'>superflue</span> <span class='ocrx_word' id='word_1_422' title='bbox 297 2213 472 2264; x_wconf 87' lang='lat' dir='ltr'>quotidie</span> <span class='ocrx_word' id='word_1_423' title='bbox 505 2227 638 2264; x_wconf 83' lang='lat' dir='ltr'>gemo,</span> <span class='ocrx_word' id='word_1_424' title='bbox 664 2215 805 2252; x_wconf 86' lang='lat' dir='ltr'>frustra</span> <span class='ocrx_word' id='word_1_425' title='bbox 836 2215 1033 2265; x_wconf 88' lang='lat' dir='ltr'>suspirans</span> <span class='ocrx_word' id='word_1_426' title='bbox 1061 2224 1099 2253; x_wconf 90' lang='lat' dir='ltr'>et</span> 
     </span>
     <span class='ocr_line' id='line_1_61' title="bbox 77 2271 1095 2324; baseline 0.005 -16"><span class='ocrx_word' id='word_1_427' title='bbox 77 2271 205 2310; x_wconf 86' lang='lat' dir='ltr'>dicens</span> <span class='ocrx_word' id='word_1_428' title='bbox 223 2287 311 2311; x_wconf 91' lang='lat' dir='ltr'>cum</span> <span class='ocrx_word' id='word_1_429' title='bbox 333 2275 545 2324; x_wconf 82' lang='lat' dir='ltr'>propheta,</span> <span class='ocrx_word' id='word_1_430' title='bbox 579 2277 729 2311; x_wconf 83' lang='lat' dir='ltr'>Vultum</span> <span class='ocrx_word' id='word_1_431' title='bbox 760 2285 884 2320; x_wconf 67' lang='lat' dir='ltr'>tilam,</span> <span class='ocrx_word' id='word_1_432' title='bbox 909 2279 1095 2324; x_wconf 72' lang='lat' dir='ltr'>Domine,</span> 
     </span>
     <span class='ocr_line' id='line_1_62' title="bbox 78 2335 1099 2387; baseline 0.004 -17"><span class='ocrx_word' id='word_1_433' title='bbox 78 2336 261 2383; x_wconf 79' lang='lat' dir='ltr'>requiram</span> <span class='ocrx_word' id='word_1_434' title='bbox 276 2342 286 2356; x_wconf 89' lang='lat'>¹</span> <span class='ocrx_word' id='word_1_435' title='bbox 303 2350 313 2382; x_wconf 83' lang='lat'><em>3</em></span> <span class='ocrx_word' id='word_1_436' title='bbox 342 2343 380 2372; x_wconf 87' lang='lat' dir='ltr'>et</span> <span class='ocrx_word' id='word_1_437' title='bbox 397 2335 513 2383; x_wconf 87' lang='lat' dir='ltr'>illud,</span> <span class='ocrx_word' id='word_1_438' title='bbox 539 2338 704 2384; x_wconf 77' lang='lat' dir='ltr'>Quando</span> <span class='ocrx_word' id='word_1_439' title='bbox 734 2342 890 2374; x_wconf 71' lang='lat' dir='ltr'>veniam</span> <span class='ocrx_word' id='word_1_440' title='bbox 922 2346 960 2374; x_wconf 87' lang='lat' dir='ltr'>et</span> <span class='ocrx_word' id='word_1_441' title='bbox 977 2352 1099 2387; x_wconf 77' lang='lat' dir='ltr'>appa-</span> 
     </span>
     <span class='ocr_line' id='line_1_63' title="bbox 77 2393 1097 2447; baseline 0.003 -16"><span class='ocrx_word' id='word_1_442' title='bbox 77 2393 160 2432; x_wconf 86' lang='lat' dir='ltr'>rebo</span> <span class='ocrx_word' id='word_1_443' title='bbox 174 2406 262 2433; x_wconf 80' lang='lat' dir='ltr'>ante</span> <span class='ocrx_word' id='word_1_444' title='bbox 271 2395 417 2445; x_wconf 78' lang='lat' dir='ltr'>faciem</span> <span class='ocrx_word' id='word_1_445' title='bbox 433 2399 508 2434; x_wconf 76' lang='lat' dir='ltr'>Dee·</span> <span class='ocrx_word' id='word_1_446' title='bbox 521 2398 560 2434; x_wconf 84' lang='lat'>²?</span> <span class='ocrx_word' id='word_1_447' title='bbox 574 2406 630 2445; x_wconf 89' lang='lat' dir='ltr'>et,</span> <span class='ocrx_word' id='word_1_448' title='bbox 655 2399 819 2435; x_wconf 79' lang='lat' dir='ltr'>Ostende</span> <span class='ocrx_word' id='word_1_449' title='bbox 833 2397 940 2435; x_wconf 79' lang='lat' dir='ltr'>nobis</span> <span class='ocrx_word' id='word_1_450' title='bbox 950 2397 1097 2447; x_wconf 81' lang='lat' dir='ltr'>faciem</span> 
     </span>
     <span class='ocr_line' id='line_1_64' title="bbox 76 2456 566 2504; baseline 0.01 -13"><span class='ocrx_word' id='word_1_451' title='bbox 76 2463 197 2504; x_wconf 82' lang='lat' dir='ltr'>tuam,</span> <span class='ocrx_word' id='word_1_452' title='bbox 219 2467 256 2494; x_wconf 85' lang='lat' dir='ltr'>et</span> <span class='ocrx_word' id='word_1_453' title='bbox 272 2461 365 2494; x_wconf 75' lang='lat' dir='ltr'>salvi</span> <span class='ocrx_word' id='word_1_454' title='bbox 385 2462 524 2495; x_wconf 82' lang='lat' dir='ltr'>erimus</span> <span class='ocrx_word' id='word_1_455' title='bbox 538 2456 566 2496; x_wconf 80' lang='lat'>3.</span> 
     </span>
    </p>

    <p class='ocr_par' dir='ltr' id='par_1_16' title="bbox 76 2516 1097 2691">
     <span class='ocr_line' id='line_1_65' title="bbox 128 2516 1097 2570; baseline 0.003 -16"><span class='ocrx_word' id='word_1_456' title='bbox 128 2516 165 2554; x_wconf 88' lang='lat'>3.</span> <span class='ocrx_word' id='word_1_457' title='bbox 195 2517 268 2555; x_wconf 86' lang='lat' dir='ltr'>Sed</span> <span class='ocrx_word' id='word_1_458' title='bbox 296 2517 390 2569; x_wconf 90' lang='lat' dir='ltr'>quid</span> <span class='ocrx_word' id='word_1_459' title='bbox 420 2527 478 2556; x_wconf 89' lang='lat' dir='ltr'>est</span> <span class='ocrx_word' id='word_1_460' title='bbox 505 2518 612 2570; x_wconf 89' lang='lat' dir='ltr'>quod</span> <span class='ocrx_word' id='word_1_461' title='bbox 643 2518 754 2557; x_wconf 89' lang='lat' dir='ltr'>vobis</span> <span class='ocrx_word' id='word_1_462' title='bbox 781 2519 960 2567; x_wconf 86' lang='lat' dir='ltr'>facimus,</span> <span class='ocrx_word' id='word_1_463' title='bbox 990 2519 1097 2570; x_wconf 90' lang='lat' dir='ltr'>quod</span> 
     </span>
     <span class='ocr_line' id='line_1_66' title="bbox 76 2576 1095 2632; baseline 0.004 -18"><span class='ocrx_word' id='word_1_464' title='bbox 76 2576 186 2616; x_wconf 86' lang='lat' dir='ltr'>nobis</span> <span class='ocrx_word' id='word_1_465' title='bbox 201 2579 283 2617; x_wconf 87' lang='lat' dir='ltr'>fieri</span> <span class='ocrx_word' id='word_1_466' title='bbox 308 2580 520 2618; x_wconf 82' lang='lat' dir='ltr'>nolumus?</span> <span class='ocrx_word' id='word_1_467' title='bbox 545 2584 630 2618; x_wconf 87' lang='lat' dir='ltr'>Hoc</span> <span class='ocrx_word' id='word_1_468' title='bbox 652 2594 724 2618; x_wconf 92' lang='lat' dir='ltr'>nos</span> <span class='ocrx_word' id='word_1_469' title='bbox 741 2581 876 2632; x_wconf 89' lang='lat' dir='ltr'>utique</span> <span class='ocrx_word' id='word_1_470' title='bbox 893 2581 999 2618; x_wconf 92' lang='lat' dir='ltr'>nolle</span> <span class='ocrx_word' id='word_1_471' title='bbox 1019 2595 1095 2632; x_wconf 92' lang='lat' dir='ltr'>pu-</span> 
     </span>
     <span class='ocr_line' id='line_1_67' title="bbox 77 2638 1095 2691; baseline 0.005 -16"><span class='ocrx_word' id='word_1_472' title='bbox 77 2638 179 2687; x_wconf 84' lang='lat' dir='ltr'>tatis,</span> <span class='ocrx_word' id='word_1_473' title='bbox 209 2648 253 2678; x_wconf 89' lang='lat' dir='ltr'>ut</span> <span class='ocrx_word' id='word_1_474' title='bbox 284 2641 369 2691; x_wconf 89' lang='lat' dir='ltr'>quis</span> <span class='ocrx_word' id='word_1_475' title='bbox 405 2654 429 2678; x_wconf 83' lang='lat' dir='ltr'>a</span> <span class='ocrx_word' id='word_1_476' title='bbox 456 2650 591 2679; x_wconf 90' lang='lat' dir='ltr'>nostro</span> <span class='ocrx_word' id='word_1_477' title='bbox 623 2643 860 2680; x_wconf 87' lang='lat' dir='ltr'>monasterio</span> <span class='ocrx_word' id='word_1_478' title='bbox 893 2642 1095 2681; x_wconf 87' lang='lat' dir='ltr'>discedens</span> 
     </span>
    </p>
   </div>
   <div class='ocr_carea' id='block_1_14' title="bbox 1163 1965 2198 2692">
    <p class='ocr_par' dir='ltr' id='par_1_17' title="bbox 1163 1965 2198 2692">
     <span class='ocr_line' id='line_1_68' title="bbox 1169 1965 2198 2021; baseline 0.006 -19"><span class='ocrx_word' id='word_1_479' title='bbox 1169 1966 1330 2003; x_wconf 88' lang='lat' dir='ltr'>salutem</span> <span class='ocrx_word' id='word_1_480' title='bbox 1363 1965 1539 2017; x_wconf 83' lang='lat' dir='ltr'>diligatis.</span> <span class='ocrx_word' id='word_1_481' title='bbox 1573 1970 1667 2004; x_wconf 65' lang='lat' dir='ltr'>Nam</span> <span class='ocrx_word' id='word_1_482' title='bbox 1702 1981 1789 2005; x_wconf 91' lang='lat' dir='ltr'>cum</span> <span class='ocrx_word' id='word_1_483' title='bbox 1821 1982 1974 2020; x_wconf 90' lang='lat' dir='ltr'>semper</span> <span class='ocrx_word' id='word_1_484' title='bbox 2004 1970 2106 2021; x_wconf 84' lang='lat' dir='ltr'>apud</span> <span class='ocrx_word' id='word_1_485' title='bbox 2128 1985 2198 2008; x_wconf 66' lang='lat' dir='ltr'>vos</span> 
     </span>
     <span class='ocr_line' id='line_1_69' title="bbox 1169 2028 2196 2078; baseline 0.005 -14"><span class='ocrx_word' id='word_1_486' title='bbox 1169 2041 1387 2078; x_wconf 65' lang='lat' dir='ltr'>gyrovagus</span> <span class='ocrx_word' id='word_1_487' title='bbox 1406 2028 1558 2074; x_wconf 87' lang='lat' dir='ltr'>fuisset,</span> <span class='ocrx_word' id='word_1_488' title='bbox 1582 2037 1640 2076; x_wconf 93' lang='lat' dir='ltr'>et,</span> <span class='ocrx_word' id='word_1_489' title='bbox 1659 2038 1702 2066; x_wconf 91' lang='lat' dir='ltr'>ut</span> <span class='ocrx_word' id='word_1_490' title='bbox 1723 2029 1907 2078; x_wconf 84' lang='lat' dir='ltr'>scribitis,</span> <span class='ocrx_word' id='word_1_491' title='bbox 1928 2040 2064 2068; x_wconf 86' lang='lat' dir='ltr'>contra</span> <span class='ocrx_word' id='word_1_492' title='bbox 2084 2045 2196 2069; x_wconf 88' lang='lat' dir='ltr'>suum</span> 
     </span>
     <span class='ocr_line' id='line_1_70' title="bbox 1166 2089 2198 2144; baseline 0.005 -19"><span class='ocrx_word' id='word_1_493' title='bbox 1166 2090 1435 2140; x_wconf 89' lang='lat' dir='ltr'>propositum,</span> <span class='ocrx_word' id='word_1_494' title='bbox 1463 2098 1501 2126; x_wconf 87' lang='lat' dir='ltr'>et</span> <span class='ocrx_word' id='word_1_495' title='bbox 1521 2089 1670 2127; x_wconf 86' lang='lat' dir='ltr'>abbatis</span> <span class='ocrx_word' id='word_1_496' title='bbox 1690 2091 1918 2142; x_wconf 89' lang='lat' dir='ltr'>imperium,</span> <span class='ocrx_word' id='word_1_497' title='bbox 1950 2093 1988 2130; x_wconf 89' lang='lat' dir='ltr'>in</span> <span class='ocrx_word' id='word_1_498' title='bbox 2015 2094 2198 2144; x_wconf 88' lang='lat' dir='ltr'>proprios</span> 
     </span>
     <span class='ocr_line' id='line_1_71' title="bbox 1166 2152 2194 2206; baseline 0.005 -18"><span class='ocrx_word' id='word_1_499' title='bbox 1166 2165 1258 2189; x_wconf 90' lang='lat' dir='ltr'>usus</span> <span class='ocrx_word' id='word_1_500' title='bbox 1274 2152 1381 2202; x_wconf 90' lang='lat' dir='ltr'>quod</span> <span class='ocrx_word' id='word_1_501' title='bbox 1399 2152 1446 2189; x_wconf 91' lang='lat' dir='ltr'>de</span> <span class='ocrx_word' id='word_1_502' title='bbox 1463 2160 1544 2189; x_wconf 86' lang='lat' dir='ltr'>arte</span> <span class='ocrx_word' id='word_1_503' title='bbox 1560 2166 1627 2190; x_wconf 89' lang='lat' dir='ltr'>sua</span> <span class='ocrx_word' id='word_1_504' title='bbox 1645 2153 1921 2204; x_wconf 76' lang='lat' dir='ltr'>conquirebat,</span> <span class='ocrx_word' id='word_1_505' title='bbox 1937 2155 2194 2206; x_wconf 72' lang='lat' dir='ltr'>expenderet3</span> 
     </span>
     <span class='ocr_line' id='line_1_72' title="bbox 1165 2212 2194 2265; baseline 0.004 -16"><span class='ocrx_word' id='word_1_506' title='bbox 1165 2212 1329 2263; x_wconf 80' lang='lat' dir='ltr'>gaudeat</span> <span class='ocrx_word' id='word_1_507' title='bbox 1357 2213 1423 2263; x_wconf 87' lang='lat' dir='ltr'>qui</span> <span class='ocrx_word' id='word_1_508' title='bbox 1453 2227 1541 2250; x_wconf 90' lang='lat' dir='ltr'>eum</span> <span class='ocrx_word' id='word_1_509' title='bbox 1576 2213 1718 2264; x_wconf 88' lang='lat' dir='ltr'>diligit,</span> <span class='ocrx_word' id='word_1_510' title='bbox 1741 2215 1848 2265; x_wconf 89' lang='lat' dir='ltr'>quod</span> <span class='ocrx_word' id='word_1_511' title='bbox 1878 2215 1980 2265; x_wconf 87' lang='lat' dir='ltr'>apud</span> <span class='ocrx_word' id='word_1_512' title='bbox 2012 2229 2082 2252; x_wconf 90' lang='lat' dir='ltr'>nos</span> <span class='ocrx_word' id='word_1_513' title='bbox 2111 2219 2194 2253; x_wconf 90' lang='lat' dir='ltr'>Deo</span> 
     </span>
     <span class='ocr_line' id='line_1_73' title="bbox 1166 2273 2195 2314; baseline 0.004 -5"><span class='ocrx_word' id='word_1_514' title='bbox 1166 2273 1372 2310; x_wconf 87' lang='lat' dir='ltr'>miserante</span> <span class='ocrx_word' id='word_1_515' title='bbox 1411 2281 1566 2310; x_wconf 89' lang='lat' dir='ltr'>sanatus</span> <span class='ocrx_word' id='word_1_516' title='bbox 1607 2274 1666 2311; x_wconf 89' lang='lat' dir='ltr'>sit.</span> <span class='ocrx_word' id='word_1_517' title='bbox 1711 2275 1989 2313; x_wconf 88' lang='lat' dir='ltr'>Testimonium</span> <span class='ocrx_word' id='word_1_518' title='bbox 2024 2276 2124 2313; x_wconf 89' lang='lat' dir='ltr'>enim</span> <span class='ocrx_word' id='word_1_519' title='bbox 2159 2277 2195 2314; x_wconf 92' lang='lat' dir='ltr'>ei</span> 
     </span>
     <span class='ocr_line' id='line_1_74' title="bbox 1165 2334 2194 2388; baseline 0.004 -17"><span class='ocrx_word' id='word_1_520' title='bbox 1165 2334 1436 2386; x_wconf 87' lang='lat' dir='ltr'>perhibemus,</span> <span class='ocrx_word' id='word_1_521' title='bbox 1461 2336 1567 2386; x_wconf 87' lang='lat' dir='ltr'>quod</span> <span class='ocrx_word' id='word_1_522' title='bbox 1588 2349 1778 2386; x_wconf 84' lang='lat' dir='ltr'>nusquam</span> <span class='ocrx_word' id='word_1_523' title='bbox 1802 2337 1920 2375; x_wconf 88' lang='lat' dir='ltr'>modo</span> <span class='ocrx_word' id='word_1_524' title='bbox 1942 2338 2067 2388; x_wconf 87' lang='lat' dir='ltr'>aliqua</span> <span class='ocrx_word' id='word_1_525' title='bbox 2086 2351 2194 2375; x_wconf 72' lang='lat' dir='ltr'>ocea-</span> 
     </span>
     <span class='ocr_line' id='line_1_75' title="bbox 1166 2396 2193 2448; baseline 0.003 -15"><span class='ocrx_word' id='word_1_526' title='bbox 1166 2396 1275 2433; x_wconf 89' lang='lat' dir='ltr'>sione</span> <span class='ocrx_word' id='word_1_527' title='bbox 1295 2404 1458 2446; x_wconf 72' lang='lat' dir='ltr'>vagatur</span> <span class='ocrx_word' id='word_1_528' title='bbox 1489 2412 1496 2433; x_wconf 94' lang='lat'>:</span> <span class='ocrx_word' id='word_1_529' title='bbox 1529 2396 1595 2434; x_wconf 90' lang='lat' dir='ltr'>sed</span> <span class='ocrx_word' id='word_1_530' title='bbox 1623 2398 1753 2447; x_wconf 84' lang='lat' dir='ltr'>quiete</span> <span class='ocrx_word' id='word_1_531' title='bbox 1774 2411 2025 2448; x_wconf 69' lang='lat' dir='ltr'>perseverans</span> <span class='ocrx_word' id='word_1_532' title='bbox 2045 2399 2084 2435; x_wconf 91' lang='lat' dir='ltr'>in</span> <span class='ocrx_word' id='word_1_533' title='bbox 2106 2413 2193 2436; x_wconf 92' lang='lat' dir='ltr'>mo-</span> 
     </span>
     <span class='ocr_line' id='line_1_76' title="bbox 1166 2458 2192 2509; baseline 0.002 -15"><span class='ocrx_word' id='word_1_534' title='bbox 1166 2458 1353 2504; x_wconf 85' lang='lat' dir='ltr'>nasterio,</span> <span class='ocrx_word' id='word_1_535' title='bbox 1383 2470 1533 2508; x_wconf 85' lang='lat' dir='ltr'>pauper</span> <span class='ocrx_word' id='word_1_536' title='bbox 1559 2458 1662 2495; x_wconf 87' lang='lat' dir='ltr'>inter</span> <span class='ocrx_word' id='word_1_537' title='bbox 1693 2471 1884 2509; x_wconf 85' lang='lat' dir='ltr'>pauperes</span> <span class='ocrx_word' id='word_1_538' title='bbox 1918 2460 1998 2496; x_wconf 88' lang='lat' dir='ltr'>sine</span> <span class='ocrx_word' id='word_1_539' title='bbox 2036 2461 2192 2509; x_wconf 76' lang='lat' dir='ltr'>querela</span> 
     </span>
     <span class='ocr_line' id='line_1_77' title="bbox 1166 2519 2191 2570; baseline 0.001 -14"><span class='ocrx_word' id='word_1_540' title='bbox 1166 2527 1431 2565; x_wconf 61' lang='lat' dir='ltr'>conversatur,</span> <span class='ocrx_word' id='word_1_541' title='bbox 1453 2519 1616 2570; x_wconf 85' lang='lat' dir='ltr'>primam</span> <span class='ocrx_word' id='word_1_542' title='bbox 1641 2519 1754 2556; x_wconf 80' lang='lat' dir='ltr'>fidem</span> <span class='ocrx_word' id='word_1_543' title='bbox 1777 2533 1891 2570; x_wconf 85' lang='lat' dir='ltr'>quam</span> <span class='ocrx_word' id='word_1_544' title='bbox 1910 2520 2065 2570; x_wconf 87' lang='lat' dir='ltr'>quidem</span> <span class='ocrx_word' id='word_1_545' title='bbox 2087 2520 2191 2570; x_wconf 86' lang='lat' dir='ltr'>apud</span> 
     </span>
     <span class='ocr_line' id='line_1_78' title="bbox 1163 2580 2194 2631; baseline 0.001 -13"><span class='ocrx_word' id='word_1_546' title='bbox 1163 2594 1233 2618; x_wconf 68' lang='lat' dir='ltr'>vos</span> <span class='ocrx_word' id='word_1_547' title='bbox 1254 2581 1452 2631; x_wconf 88' lang='lat' dir='ltr'>promisit,</span> <span class='ocrx_word' id='word_1_548' title='bbox 1483 2580 1549 2618; x_wconf 88' lang='lat' dir='ltr'>sed</span> <span class='ocrx_word' id='word_1_549' title='bbox 1578 2595 1656 2618; x_wconf 89' lang='lat' dir='ltr'>non</span> <span class='ocrx_word' id='word_1_550' title='bbox 1687 2582 1829 2627; x_wconf 86' lang='lat' dir='ltr'>tenuit;</span> <span class='ocrx_word' id='word_1_551' title='bbox 1851 2595 1931 2618; x_wconf 92' lang='lat' dir='ltr'>non</span> <span class='ocrx_word' id='word_1_552' title='bbox 1958 2582 2127 2628; x_wconf 85' lang='lat' dir='ltr'>irritam,</span> <span class='ocrx_word' id='word_1_553' title='bbox 2151 2591 2194 2619; x_wconf 91' lang='lat' dir='ltr'>ut</span> 
     </span>
     <span class='ocr_line' id='line_1_79' title="bbox 1165 2641 2194 2692; baseline 0 -14"><span class='ocrx_word' id='word_1_554' title='bbox 1165 2642 1307 2689; x_wconf 88' lang='lat' dir='ltr'>dicitis,</span> <span class='ocrx_word' id='word_1_555' title='bbox 1328 2642 1490 2687; x_wconf 87' lang='lat' dir='ltr'>faciens,</span> <span class='ocrx_word' id='word_1_556' title='bbox 1524 2641 1591 2679; x_wconf 90' lang='lat' dir='ltr'>sed</span> <span class='ocrx_word' id='word_1_557' title='bbox 1618 2651 1758 2688; x_wconf 87' lang='lat' dir='ltr'>ratam,</span> <span class='ocrx_word' id='word_1_558' title='bbox 1780 2642 2048 2692; x_wconf 77' lang='lat' dir='ltr'>integramque</span> <span class='ocrx_word' id='word_1_559' title='bbox 2067 2652 2194 2679; x_wconf 73' lang='lat' dir='ltr'>euste-</span> 
     </span>
    </p>
   </div>
   <div class='ocr_carea' id='block_1_15' title="bbox 76 2701 2192 2755">
    <p class='ocr_par' dir='ltr' id='par_1_18' title="bbox 76 2701 2192 2755">
     <span class='ocr_line' id='line_1_80' title="bbox 76 2701 2192 2755; baseline 0.001 -18"><span class='ocrx_word' id='word_1_560' title='bbox 76 2701 300 2749; x_wconf 88' lang='lat' dir='ltr'>monachus,</span> <span class='ocrx_word' id='word_1_561' title='bbox 331 2702 371 2740; x_wconf 91' lang='lat' dir='ltr'>in</span> <span class='ocrx_word' id='word_1_562' title='bbox 402 2703 477 2740; x_wconf 88' lang='lat' dir='ltr'>alio</span> <span class='ocrx_word' id='word_1_563' title='bbox 504 2703 747 2755; x_wconf 84' lang='lat' dir='ltr'>suscipiatur.</span> <span class='ocrx_word' id='word_1_564' title='bbox 769 2705 928 2744; x_wconf 91' lang='lat' dir='ltr'>Utinam</span> <span class='ocrx_word' id='word_1_565' title='bbox 958 2717 1094 2742; x_wconf 89' lang='lat' dir='ltr'>omnes</span> <span class='ocrx_word' id='word_1_566' title='bbox 1112 2706 1147 2741; x_wconf 92' lang='lat' dir='ltr'><strong>D</strong></span> <span class='ocrx_word' id='word_1_567' title='bbox 1166 2704 1293 2751; x_wconf 90' lang='lat' dir='ltr'>diens,</span> <span class='ocrx_word' id='word_1_568' title='bbox 1324 2717 1477 2740; x_wconf 89' lang='lat' dir='ltr'>morum</span> <span class='ocrx_word' id='word_1_569' title='bbox 1498 2703 1632 2753; x_wconf 86' lang='lat' dir='ltr'>utique</span> <span class='ocrx_word' id='word_1_570' title='bbox 1654 2703 1927 2749; x_wconf 73' lang='lat' dir='ltr'>conversione,</span> <span class='ocrx_word' id='word_1_571' title='bbox 1946 2711 1984 2740; x_wconf 89' lang='lat' dir='ltr'>et</span> <span class='ocrx_word' id='word_1_572' title='bbox 2002 2703 2192 2740; x_wconf 86' lang='lat' dir='ltr'>obedien-</span> 
     </span>
    </p>
   </div>
   <div class='ocr_carea' id='block_1_16' title="bbox 76 2759 1098 3241">
    <p class='ocr_par' dir='ltr' id='par_1_19' title="bbox 76 2759 1098 3241">
     <span class='ocr_line' id='line_1_81' title="bbox 76 2759 1093 2816; baseline 0.006 -19"><span class='ocrx_word' id='word_1_573' title='bbox 76 2759 185 2799; x_wconf 93' lang='lat' dir='ltr'>nobis</span> <span class='ocrx_word' id='word_1_574' title='bbox 204 2764 450 2811; x_wconf 86' lang='lat' dir='ltr'>commissos,</span> <span class='ocrx_word' id='word_1_575' title='bbox 483 2765 565 2802; x_wconf 90' lang='lat' dir='ltr'>sine</span> <span class='ocrx_word' id='word_1_576' title='bbox 594 2764 707 2803; x_wconf 89' lang='lat' dir='ltr'>nobis</span> <span class='ocrx_word' id='word_1_577' title='bbox 740 2766 888 2804; x_wconf 85' lang='lat' dir='ltr'>salvare</span> <span class='ocrx_word' id='word_1_578' title='bbox 918 2766 1093 2816; x_wconf 86' lang='lat' dir='ltr'>possetis.</span> 
     </span>
     <span class='ocr_line' id='line_1_82' title="bbox 77 2820 1096 2878; baseline 0.005 -19"><span class='ocrx_word' id='word_1_579' title='bbox 77 2820 114 2859; x_wconf 90' lang='lat' dir='ltr'>Si</span> <span class='ocrx_word' id='word_1_580' title='bbox 140 2823 225 2872; x_wconf 87' lang='lat' dir='ltr'>quis</span> <span class='ocrx_word' id='word_1_581' title='bbox 251 2823 299 2861; x_wconf 92' lang='lat' dir='ltr'>de</span> <span class='ocrx_word' id='word_1_582' title='bbox 321 2825 463 2862; x_wconf 89' lang='lat' dir='ltr'>nostris</span> <span class='ocrx_word' id='word_1_583' title='bbox 492 2825 541 2862; x_wconf 89' lang='lat' dir='ltr'>ad</span> <span class='ocrx_word' id='word_1_584' title='bbox 561 2839 630 2863; x_wconf 89' lang='lat' dir='ltr'>vos</span> <span class='ocrx_word' id='word_1_585' title='bbox 658 2825 817 2876; x_wconf 87' lang='lat' dir='ltr'>majoris</span> <span class='ocrx_word' id='word_1_586' title='bbox 846 2827 1096 2878; x_wconf 88' lang='lat' dir='ltr'>perfectionis</span> 
     </span>
     <span class='ocr_line' id='line_1_83' title="bbox 77 2881 1094 2935; baseline 0.007 -16"><span class='ocrx_word' id='word_1_587' title='bbox 77 2883 213 2932; x_wconf 85' lang='lat' dir='ltr'>gratia,</span> <span class='ocrx_word' id='word_1_588' title='bbox 235 2893 273 2922; x_wconf 92' lang='lat' dir='ltr'>et</span> <span class='ocrx_word' id='word_1_589' title='bbox 293 2886 468 2924; x_wconf 86' lang='lat' dir='ltr'>arctioris</span> <span class='ocrx_word' id='word_1_590' title='bbox 483 2887 574 2923; x_wconf 79' lang='lat' dir='ltr'>vitae</span> <span class='ocrx_word' id='word_1_591' title='bbox 595 2886 786 2925; x_wconf 87' lang='lat' dir='ltr'>desiderio</span> <span class='ocrx_word' id='word_1_592' title='bbox 805 2881 1094 2935; x_wconf 58' lang='lat' dir='ltr'>conffllaverst,</span> 
     </span>
     <span class='ocr_line' id='line_1_84' title="bbox 78 2945 1096 2995; baseline 0.007 -15"><span class='ocrx_word' id='word_1_593' title='bbox 78 2955 153 2981; x_wconf 90' lang='lat' dir='ltr'>non</span> <span class='ocrx_word' id='word_1_594' title='bbox 175 2945 296 2983; x_wconf 90' lang='lat' dir='ltr'>solum</span> <span class='ocrx_word' id='word_1_595' title='bbox 328 2960 407 2985; x_wconf 90' lang='lat' dir='ltr'>non</span> <span class='ocrx_word' id='word_1_596' title='bbox 437 2961 655 2995; x_wconf 86' lang='lat' dir='ltr'>causamur,</span> <span class='ocrx_word' id='word_1_597' title='bbox 677 2949 708 2986; x_wconf 90' lang='lat' dir='ltr'>si</span> <span class='ocrx_word' id='word_1_598' title='bbox 738 2949 769 2986; x_wconf 91' lang='lat' dir='ltr'>ei</span> <span class='ocrx_word' id='word_1_599' title='bbox 801 2950 841 2986; x_wconf 92' lang='lat' dir='ltr'>in</span> <span class='ocrx_word' id='word_1_600' title='bbox 875 2950 939 2987; x_wconf 88' lang='lat' dir='ltr'>tali</span> <span class='ocrx_word' id='word_1_601' title='bbox 968 2949 1096 2987; x_wconf 90' lang='lat' dir='ltr'>studio</span> 
     </span>
     <span class='ocr_line' id='line_1_85' title="bbox 78 3006 1097 3061; baseline 0.007 -21"><span class='ocrx_word' id='word_1_602' title='bbox 78 3006 294 3054; x_wconf 80' lang='lat' dir='ltr'>consuliti53</span> <span class='ocrx_word' id='word_1_603' title='bbox 329 3009 397 3046; x_wconf 88' lang='lat' dir='ltr'>sed</span> <span class='ocrx_word' id='word_1_604' title='bbox 429 3017 466 3046; x_wconf 88' lang='lat' dir='ltr'>et</span> <span class='ocrx_word' id='word_1_605' title='bbox 500 3010 667 3046; x_wconf 90' lang='lat' dir='ltr'>multum</span> <span class='ocrx_word' id='word_1_606' title='bbox 695 3023 904 3061; x_wconf 85' lang='lat' dir='ltr'>precamur</span> <span class='ocrx_word' id='word_1_607' title='bbox 941 3019 984 3047; x_wconf 89' lang='lat' dir='ltr'>ut</span> <span class='ocrx_word' id='word_1_608' title='bbox 1022 3011 1097 3047; x_wconf 85' lang='grc'>1100</span> 
     </span>
     <span class='ocr_line' id='line_1_86' title="bbox 79 3062 1096 3120; baseline 0.008 -21"><span class='ocrx_word' id='word_1_609' title='bbox 79 3062 218 3102; x_wconf 83' lang='lat' dir='ltr'>faciatis</span> <span class='ocrx_word' id='word_1_610' title='bbox 249 3081 257 3103; x_wconf 75' lang='grc' dir='ltr'><strong>ε</strong></span> <span class='ocrx_word' id='word_1_611' title='bbox 291 3080 362 3105; x_wconf 88' lang='lat' dir='ltr'>nec</span> <span class='ocrx_word' id='word_1_612' title='bbox 391 3068 561 3106; x_wconf 88' lang='lat' dir='ltr'>offensos</span> <span class='ocrx_word' id='word_1_613' title='bbox 593 3082 664 3106; x_wconf 90' lang='lat' dir='ltr'>nos</span> <span class='ocrx_word' id='word_1_614' title='bbox 696 3083 994 3120; x_wconf 85' lang='lat' dir='ltr'>conqueremur,</span> <span class='ocrx_word' id='word_1_615' title='bbox 1031 3070 1096 3107; x_wconf 90' lang='lat' dir='ltr'>sed</span> 
     </span>
     <span class='ocr_line' id='line_1_87' title="bbox 77 3125 1098 3183; baseline 0.008 -22"><span class='ocrx_word' id='word_1_616' title='bbox 77 3125 186 3163; x_wconf 87' lang='lat' dir='ltr'>valde</span> <span class='ocrx_word' id='word_1_617' title='bbox 216 3127 258 3164; x_wconf 90' lang='lat' dir='ltr'>in</span> <span class='ocrx_word' id='word_1_618' title='bbox 288 3128 362 3166; x_wconf 88' lang='lat' dir='ltr'>hoc</span> <span class='ocrx_word' id='word_1_619' title='bbox 392 3129 545 3181; x_wconf 86' lang='lat' dir='ltr'>adjutos</span> <span class='ocrx_word' id='word_1_620' title='bbox 579 3144 661 3169; x_wconf 90' lang='lat' dir='ltr'>esse</span> <span class='ocrx_word' id='word_1_621' title='bbox 690 3131 909 3169; x_wconf 84' lang='lat' dir='ltr'>fatebimur.</span> <span class='ocrx_word' id='word_1_622' title='bbox 944 3132 1098 3183; x_wconf 70' lang='lat' dir='ltr'>“Negatis</span> 
     </span>
     <span class='ocr_line' id='line_1_88' title="bbox 80 3183 1098 3241; baseline 0.009 -20"><span class='ocrx_word' id='word_1_623' title='bbox 80 3183 216 3224; x_wconf 87' lang='lat' dir='ltr'>deinde</span> <span class='ocrx_word' id='word_1_624' title='bbox 242 3189 348 3239; x_wconf 91' lang='lat' dir='ltr'>quod</span> <span class='ocrx_word' id='word_1_625' title='bbox 375 3190 423 3228; x_wconf 88' lang='lat' dir='ltr'>de</span> <span class='ocrx_word' id='word_1_626' title='bbox 440 3190 551 3229; x_wconf 89' lang='lat' dir='ltr'>vobis</span> <span class='ocrx_word' id='word_1_627' title='bbox 578 3191 841 3241; x_wconf 88' lang='lat' dir='ltr'>audieramus,</span> <span class='ocrx_word' id='word_1_628' title='bbox 865 3201 994 3230; x_wconf 82' lang='lat' dir='ltr'>vestro</span> <span class='ocrx_word' id='word_1_629' title='bbox 1022 3193 1098 3230; x_wconf 89' lang='lat' dir='ltr'>sci-</span> 
     </span>
    </p>
   </div>
   <div class='ocr_carea' id='block_1_17' title="bbox 1163 2764 2192 3243">
    <p class='ocr_par' dir='ltr' id='par_1_20' title="bbox 1163 2764 2192 3243">
     <span class='ocr_line' id='line_1_89' title="bbox 1165 2764 2192 2814; baseline -0.001 -12"><span class='ocrx_word' id='word_1_630' title='bbox 1165 2765 1310 2803; x_wconf 85' lang='lat' dir='ltr'>tissima</span> <span class='ocrx_word' id='word_1_631' title='bbox 1327 2765 1622 2802; x_wconf 69' lang='lat' dir='ltr'>conversatione</span> <span class='ocrx_word' id='word_1_632' title='bbox 1634 2794 1642 2807; x_wconf 93' lang='lat'><strong>‚</strong></span> <span class='ocrx_word' id='word_1_633' title='bbox 1664 2764 1744 2802; x_wconf 89' lang='lat' dir='ltr'>sine</span> <span class='ocrx_word' id='word_1_634' title='bbox 1758 2778 1834 2814; x_wconf 88' lang='lat' dir='ltr'>qua</span> <span class='ocrx_word' id='word_1_635' title='bbox 1849 2777 1930 2801; x_wconf 84' lang='lat' dir='ltr'>sese</span> <span class='ocrx_word' id='word_1_636' title='bbox 1952 2764 2047 2801; x_wconf 84' lang='lat' dir='ltr'>fallit</span> <span class='ocrx_word' id='word_1_637' title='bbox 2061 2765 2126 2814; x_wconf 86' lang='lat' dir='ltr'>qui</span> <span class='ocrx_word' id='word_1_638' title='bbox 2145 2764 2192 2801; x_wconf 90' lang='lat' dir='ltr'>de</span> 
     </span>
     <span class='ocr_line' id='line_1_90' title="bbox 1163 2825 2188 2875; baseline -0.001 -12"><span class='ocrx_word' id='word_1_639' title='bbox 1163 2826 1239 2863; x_wconf 93' lang='lat' dir='ltr'>loci</span> <span class='ocrx_word' id='word_1_640' title='bbox 1268 2825 1473 2863; x_wconf 86' lang='lat' dir='ltr'>stabilitate</span> <span class='ocrx_word' id='word_1_641' title='bbox 1504 2825 1677 2862; x_wconf 87' lang='lat' dir='ltr'>confidit.</span> <span class='ocrx_word' id='word_1_642' title='bbox 1701 2829 1897 2875; x_wconf 84' lang='lat' dir='ltr'>Rogamus</span> <span class='ocrx_word' id='word_1_643' title='bbox 1918 2838 2007 2872; x_wconf 76' lang='lat' dir='ltr'>vos,</span> <span class='ocrx_word' id='word_1_644' title='bbox 2033 2825 2188 2871; x_wconf 88' lang='lat' dir='ltr'>fratres,</span> 
     </span>
     <span class='ocr_line' id='line_1_91' title="bbox 1163 2885 2191 2937; baseline -0.001 -14"><span class='ocrx_word' id='word_1_645' title='bbox 1163 2895 1207 2924; x_wconf 91' lang='lat' dir='ltr'>ut</span> <span class='ocrx_word' id='word_1_646' title='bbox 1223 2887 1395 2937; x_wconf 87' lang='lat' dir='ltr'>quiescat</span> <span class='ocrx_word' id='word_1_647' title='bbox 1407 2885 1487 2936; x_wconf 85' lang='lat' dir='ltr'>jam</span> <span class='ocrx_word' id='word_1_648' title='bbox 1505 2885 1719 2936; x_wconf 73' lang='lat' dir='ltr'>indignatio</span> <span class='ocrx_word' id='word_1_649' title='bbox 1739 2894 1888 2931; x_wconf 69' lang='lat' dir='ltr'>vestra,</span> <span class='ocrx_word' id='word_1_650' title='bbox 1909 2894 1946 2923; x_wconf 89' lang='lat' dir='ltr'>et</span> <span class='ocrx_word' id='word_1_651' title='bbox 1961 2886 2109 2923; x_wconf 89' lang='lat' dir='ltr'>desinat</span> <span class='ocrx_word' id='word_1_652' title='bbox 2129 2887 2191 2923; x_wconf 90' lang='lat' dir='ltr'>in-</span> 
     </span>
     <span class='ocr_line' id='line_1_92' title="bbox 1165 2946 2191 2998; baseline 0 -14"><span class='ocrx_word' id='word_1_653' title='bbox 1165 2947 1352 2998; x_wconf 86' lang='lat' dir='ltr'>quietatio</span> <span class='ocrx_word' id='word_1_654' title='bbox 1371 2956 1516 2984; x_wconf 84' lang='lat' dir='ltr'>nostra.</span> <span class='ocrx_word' id='word_1_655' title='bbox 1542 2947 1606 2985; x_wconf 89' lang='lat' dir='ltr'>Sin</span> <span class='ocrx_word' id='word_1_656' title='bbox 1628 2955 1774 2993; x_wconf 88' lang='lat' dir='ltr'>autem,</span> <span class='ocrx_word' id='word_1_657' title='bbox 1797 2947 1907 2983; x_wconf 85' lang='lat' dir='ltr'>facite</span> <span class='ocrx_word' id='word_1_658' title='bbox 1928 2946 2034 2996; x_wconf 87' lang='lat' dir='ltr'>quod</span> <span class='ocrx_word' id='word_1_659' title='bbox 2054 2948 2191 2992; x_wconf 65' lang='lat' dir='ltr'>vultis,</span> 
     </span>
     <span class='ocr_line' id='line_1_93' title="bbox 1165 3008 2187 3058; baseline -0.001 -13"><span class='ocrx_word' id='word_1_660' title='bbox 1165 3008 1321 3045; x_wconf 87' lang='lat' dir='ltr'>scribite</span> <span class='ocrx_word' id='word_1_661' title='bbox 1336 3017 1379 3045; x_wconf 91' lang='lat' dir='ltr'>ut</span> <span class='ocrx_word' id='word_1_662' title='bbox 1396 3008 1510 3045; x_wconf 77' lang='lat' dir='ltr'>vultis</span> <span class='ocrx_word' id='word_1_663' title='bbox 1522 3038 1532 3055; x_wconf 91' lang='lat'>,</span> <span class='ocrx_word' id='word_1_664' title='bbox 1548 3008 1826 3058; x_wconf 89' lang='lat' dir='ltr'>persequimini</span> <span class='ocrx_word' id='word_1_665' title='bbox 1844 3016 2031 3058; x_wconf 87' lang='lat' dir='ltr'>quantum</span> <span class='ocrx_word' id='word_1_666' title='bbox 2051 3008 2187 3044; x_wconf 72' lang='lat' dir='ltr'>vultis:</span> 
     </span>
     <span class='ocr_line' id='line_1_94' title="bbox 1166 3067 2190 3115; baseline -0.003 -9"><span class='ocrx_word' id='word_1_667' title='bbox 1166 3069 1329 3106; x_wconf 83' lang='lat' dir='ltr'>charitas</span> <span class='ocrx_word' id='word_1_668' title='bbox 1359 3068 1490 3107; x_wconf 85' lang='lat' dir='ltr'>omnia</span> <span class='ocrx_word' id='word_1_669' title='bbox 1517 3068 1671 3115; x_wconf 89' lang='lat' dir='ltr'>suffert,</span> <span class='ocrx_word' id='word_1_670' title='bbox 1701 3069 1832 3105; x_wconf 84' lang='lat' dir='ltr'>omnia</span> <span class='ocrx_word' id='word_1_671' title='bbox 1859 3068 2032 3105; x_wconf 86' lang='lat' dir='ltr'>sustinet.</span> <span class='ocrx_word' id='word_1_672' title='bbox 2070 3067 2190 3106; x_wconf 74' lang='lat' dir='ltr'>Nobis</span> 
     </span>
     <span class='ocr_line' id='line_1_95' title="bbox 1166 3128 2186 3179; baseline -0.002 -12"><span class='ocrx_word' id='word_1_673' title='bbox 1166 3138 1293 3167; x_wconf 89' lang='lat' dir='ltr'>autem</span> <span class='ocrx_word' id='word_1_674' title='bbox 1316 3129 1514 3167; x_wconf 88' lang='lat' dir='ltr'>decretum</span> <span class='ocrx_word' id='word_1_675' title='bbox 1529 3137 1596 3167; x_wconf 88' lang='lat' dir='ltr'>est</span> <span class='ocrx_word' id='word_1_676' title='bbox 1619 3143 1666 3166; x_wconf 78' lang='lat' dir='ltr'>ex</span> <span class='ocrx_word' id='word_1_677' title='bbox 1692 3129 1764 3166; x_wconf 88' lang='lat' dir='ltr'>hoc</span> <span class='ocrx_word' id='word_1_678' title='bbox 1781 3128 1860 3179; x_wconf 87' lang='lat' dir='ltr'>jam</span> <span class='ocrx_word' id='word_1_679' title='bbox 1883 3142 1952 3166; x_wconf 68' lang='lat' dir='ltr'>vos</span> <span class='ocrx_word' id='word_1_680' title='bbox 1979 3142 2076 3179; x_wconf 90' lang='lat' dir='ltr'>pure</span> <span class='ocrx_word' id='word_1_681' title='bbox 2097 3129 2186 3165; x_wconf 88' lang='lat' dir='ltr'>dili-</span> 
     </span>
     <span class='ocr_line' id='line_1_96' title="bbox 1165 3190 2158 3243; baseline -0.003 -15"><span class='ocrx_word' id='word_1_682' title='bbox 1165 3205 1274 3243; x_wconf 85' lang='lat' dir='ltr'>gere,</span> <span class='ocrx_word' id='word_1_683' title='bbox 1294 3199 1519 3228; x_wconf 80' lang='lat' dir='ltr'>reverenter</span> <span class='ocrx_word' id='word_1_684' title='bbox 1533 3191 1746 3241; x_wconf 64' lang='lat' dir='ltr'>suspicere,</span> <span class='ocrx_word' id='word_1_685' title='bbox 1767 3190 2004 3228; x_wconf 76' lang='lat' dir='ltr'>familiariter</span> <span class='ocrx_word' id='word_1_686' title='bbox 2021 3190 2158 3226; x_wconf 85' lang='lat' dir='ltr'>colere.</span> 
     </span>
    </p>
   </div>
   <div class='ocr_carea' id='block_1_18' title="bbox 129 3369 1170 3415">
    <p class='ocr_par' dir='ltr' id='par_1_21' title="bbox 129 3369 1170 3415">
     <span class='ocr_line' id='line_1_97' title="bbox 129 3369 1170 3415; baseline 0.01 -17"><span class='ocrx_word' id='word_1_687' title='bbox 129 3373 140 3388; x_wconf 86' lang='lat'>¹</span> <span class='ocrx_word' id='word_1_688' title='bbox 162 3369 243 3401; x_wconf 88' lang='lat' dir='ltr'>Psal.</span> <span class='ocrx_word' id='word_1_689' title='bbox 261 3381 365 3410; x_wconf 73' lang='lat' dir='ltr'>xxw,</span> <span class='ocrx_word' id='word_1_690' title='bbox 383 3375 414 3404; x_wconf 89' lang='grc'>8.</span> <span class='ocrx_word' id='word_1_691' title='bbox 437 3392 480 3396; x_wconf 97' lang='lat'>—</span> <span class='ocrx_word' id='word_1_692' title='bbox 501 3379 515 3395; x_wconf 88' lang='lat'>2</span> <span class='ocrx_word' id='word_1_693' title='bbox 535 3374 619 3406; x_wconf 73' lang='lat' dir='ltr'>I&#39;sal.</span> <span class='ocrx_word' id='word_1_694' title='bbox 639 3386 716 3413; x_wconf 73' lang='lat' dir='ltr'>xm,</span> <span class='ocrx_word' id='word_1_695' title='bbox 737 3378 768 3407; x_wconf 88' lang='lat'>3.</span> <span class='ocrx_word' id='word_1_696' title='bbox 791 3393 836 3398; x_wconf 93' lang='lat'>-—-</span> <span class='ocrx_word' id='word_1_697' title='bbox 857 3371 871 3396; x_wconf 85' lang='lat'><strong>3</strong></span> <span class='ocrx_word' id='word_1_698' title='bbox 890 3375 972 3407; x_wconf 85' lang='lat' dir='ltr'>Psal.</span> <span class='ocrx_word' id='word_1_699' title='bbox 992 3386 1118 3415; x_wconf 78' lang='lat' dir='ltr'>Lxxxx,</span> <span class='ocrx_word' id='word_1_700' title='bbox 1139 3378 1170 3408; x_wconf 80' lang='lat'>4.</span> 
     </span>
    </p>
   </div>
  </div>
 </body>
</html>
