2517 3936
52 231 150 270 1037

702 233 767 268 DE
797 231 1223 268 CONSIDERATIONE
1251 230 1397 266 LIBER
1428 233 1472 266 11.

2035 238 2133 275 1033

50 314 86 348 Is
109 307 243 358 J‘udicii
278 319 477 344 censuram
514 315 694 354 enervat,
735 308 798 344 illa
830 306 1056 358 praecipitat.
1071 305 1252 343 ⁴²⁴tamen
1274 306 1304 343 si
1323 306 1511 352 incidant,
1531 307 1695 344 serendae
1718 308 1903 358 fortassi53
1926 314 2133 352 referendae

49 367 253 418 Quomodo
282 366 329 404 ab
361 367 480 403 altero
512 379 591 402 non
614 368 850 416 periclitetur
863 396 872 412 ,
897 375 962 403 aut
981 367 1066 416 pie—
1080 367 1110 400 A
1130 380 1339 416 nunquam.
1367 367 1486 416 Magis
1506 367 1836 406 interveniendum
1852 382 1960 409 caute
1980 382 2017 410 et
2039 388 2133 423 pru-

51 437 105 466 tas
123 427 355 473 clementiae,
373 434 438 462 aut
457 426 528 462 zeli
548 427 763 464 rectitudo?
779 426 968 464 Turbatus
984 441 1063 476 prae

49 490 105 526 ira
142 488 276 525 oculus
314 487 522 523 clementer
561 487 614 523 nil
652 487 850 533 intuetur3
893 487 1062 524 suffusus

49 548 152 586 fluxa
163 548 327 598 quadam
348 555 385 584 et
401 546 578 583 muliebri
595 547 755 583 mollitie
773 547 1060 597 animijrectuni

48 622 126 647 non
148 608 265 645 videt.
294 611 381 645 Non
415 607 491 644 eris
528 607 737 653 innocens,
759 607 790 643 si
821 615 887 644 aut
922 607 1060 657 punias

47 683 134 707 eum
156 669 217 706 cui
248 669 346 705 sorte
366 667 603 717 parcendum
630 676 752 714 esset,
786 676 852 704 aut
872 681 1005 718 parcas
1026 668 1060 705 ci

50 730 116 781 qui
137 730 260 767 fuerat
279 728 509 780 puniendus.

393 847 574 887 CAPUT
603 847 702 886 XII.

16 995 23 1001 .
47 971 159 1013 Neque
177 970 209 1001 in
230 970 388 1013 prosperis
409 970 548 1005 animum
574 970 667 1001 nimis
690 970 879 1008 laxandum,
908 981 1009 1012 neque
1031 971 1062 1001 in

361 1023 499 1055 adversis
523 1024 744 1056 deficiendum.

1131 425 1265 462 denter
1287 426 1503 475 nugacitati.
1541 428 1874 476 Prorumpcndum
1902 443 1990 468 sane
2014 433 2049 468 in
2072 446 2132 469 se-

1131 486 1228 522 rium
1247 485 1339 535 quid
1354 515 1363 531 ,
1385 485 1489 535 quod
1510 499 1587 522 non
1610 487 1724 522 modo
1746 488 1909 534 utiliter,
1927 492 1990 526 sed
2012 492 2134 529 liben-

1130 553 1188 581 ter
1201 545 1379 590 audiant,
1392 552 1429 581 et
1443 546 1716 594 supersedeant
1735 547 1877 583 otiosis.
1899 552 2134 589 Consecrasti

1130 618 1172 641 os
1202 613 1309 642 tuum
1339 606 1575 654 Evangelio:
1603 605 1739 642 talibus
1764 606 1843 655 jain
1866 610 2012 657 aperire
2033 611 2136 646 illici-

1130 673 1232 711 tum,
1254 678 1469 702 assuescere
1502 666 1739 715 sacrilegium
1770 675 1836 703 est.
1867 667 1988 703 Labici
2011 683 2135 705 sacer-

1130 728 1248 771 dotis,
1281 726 1350 772 ait,
1380 728 1589 762 custodiunt
1616 731 1834 771 scientiam,
1866 737 1902 762 et
1936 730 2052 777 legem
2081 744 2138 765 re-

1129 791 1283 835 quirunt
1304 789 1351 822 dc
1370 800 1432 822 ore
1456 787 1554 832 ejus2
1585 802 1592 823 :
1625 800 1702 823 non
1733 800 1852 837 nugas
1879 789 2051 838 profecto
2078 791 2136 826 vel

1129 845 1287 882 fabulas.
1310 846 1479 883 Verbum
1507 847 1683 892 scurrile,
1705 847 1809 896 quod
1829 848 1937 884 faceti
1955 847 2139 886 urbanive

1128 905 1286 942 nomine
1320 906 1516 952 colorant,
1550 919 1628 942 non
1657 907 1796 943 suflicit
1830 908 2066 957 peregrinari
2092 907 2140 944 ab

1129 977 1196 1000 ore
1220 979 1227 1000 :
1250 964 1384 1013 procul
1412 972 1449 1000 et
1480 963 1528 1000 ab
1551 977 1642 1000 aure
1673 965 1931 1014 relegandum.
1956 966 2070 1003 Foede
2093 966 2140 1002 ad

1128 1023 1333 1060 cachinnos
1352 1024 1517 1060 moveris
1531 1052 1540 1069 ,
1564 1023 1702 1061 foedius
1717 1037 1861 1061 moves.
1878 1029 1997 1063 Porro
2016 1025 2140 1062 detra-

1080 1087 1108 1120 Β
1129 1084 1219 1120 here
1238 1113 1247 1130 ,
1284 1092 1349 1120 aut
1382 1084 1643 1120 detrahentem
1676 1084 1835 1131 audire,
1875 1086 1968 1135 quid
2000 1087 2137 1124 horum

99 1138 164 1176 21.
186 1140 232 1175 In
263 1137 577 1176 tribulationibus
593 1152 748 1189 quoque
768 1139 919 1188 qualem
943 1147 978 1175 te
1000 1138 1060 1174 iu-
1128 1143 1382 1181 damnabilius
1403 1145 1468 1191 sit,
1490 1158 1569 1180 nou
1588 1145 1695 1181 facile
1716 1145 1887 1182 dixerim.

47 1197 217 1244 veneris,
240 1198 332 1235 nolo
349 1197 575 1235 dissimules.
594 1199 630 1237 Si
645 1207 885 1236 constantem
907 1199 944 1235 in
965 1198 1038 1234 tuis
1051 1226 1060 1243 ,

47 1257 319 1295 condolentem
355 1259 395 1295 in
431 1259 586 1305 alienis,
623 1259 756 1308 gaude.
791 1259 899 1296 Recti
938 1258 1062 1295 cordis

47 1319 141 1364 hoc3
164 1332 185 1355 e
202 1319 358 1368 regione
374 1320 668 1369 perversissimi,
687 1320 718 1356 si
735 1333 821 1356 cum
840 1319 877 1355 in
895 1319 1062 1369 propriis

48 1378 350 1429 deprehendaris
379 1380 540 1416 fortasse
572 1379 798 1429 impatiens,
822 1379 978 1415 minime
1003 1387 1061 1415 ta-

49 1451 136 1476 men
170 1439 212 1475 in
240 1439 374 1476 alienis
403 1438 641 1489 compatiens
671 1439 857 1475 sentiaris.
890 1438 991 1486 Quid
1023 1438 1061 1474 in

47 1498 273 1549 prosperis?
308 1499 452 1535 nihilne
490 1507 548 1536 est
577 1498 683 1548 quod
715 1499 1062 1535 considerationem

50 1559 259 1596 sollicitet?
285 1562 354 1596 Est
387 1559 540 1610 utique,
571 1560 603 1597 si
633 1559 836 1608 diligenter
864 1559 1060 1605 attendas,

49 1632 164 1669 quam
187 1633 295 1657 rarus
314 1632 466 1670 semper
486 1619 696 1665 exstiterit,
713 1619 779 1669 qui
796 1632 876 1655 non
896 1619 957 1655 vel
979 1632 1064 1655 mo-

50 1680 133 1717 dice
160 1680 201 1717 in
233 1680 490 1730 prosperitate
520 1680 691 1717 animum
717 1679 948 1716 relaxaverit
966 1693 987 1715 a
1008 1679 1067 1716 sui

48 1740 221 1778 custodia
242 1749 281 1777 et
296 1740 507 1790 disciplina.
523 1740 686 1789 Quando
703 1740 784 1777 haec
804 1739 968 1776 incautis
986 1752 1066 1775 non

51 1801 122 1838 fuit
137 1801 185 1838 ad
205 1800 468 1851 disciplinam,
490 1801 596 1851 quod
612 1800 711 1851 ignis
731 1801 778 1837 ad
797 1813 944 1846 ceram,
961 1799 1068 1849 quod

1469 1263 1646 1302 CAPUT
1676 1264 1792 1303 XIV.

1129 1389 1335 1417 Personarum
1351 1386 1561 1428 acceptionem
1579 1386 1609 1417 in
1620 1386 1745 1429 judiciis
1758 1398 1954 1430 summopere
1969 1387 2135 1419 vitandam.

1185 1499 1247 1535 23.
1278 1502 1335 1536 De
1361 1499 1520 1536 avaritia
1540 1513 1619 1537 non
1648 1509 1704 1537 est
1731 1500 1836 1551 quod
1855 1510 1963 1538 tuum
1989 1501 2139 1551 fatigem

1131 1558 1311 1596 intuitum
1323 1560 1354 1606 *,
1378 1573 1465 1596 cum
1492 1561 1693 1610 pecuniam
1719 1569 1897 1611 tanquam
1917 1562 2064 1611 paleam
2082 1561 2139 1597 di-

1133 1619 1229 1655 caris
1243 1618 1396 1656 habere.
1425 1623 1508 1657 Non
1537 1634 1714 1669 prorsus,
1747 1634 1825 1658 non
1857 1630 1914 1658 est
1940 1621 2044 1671 quod
2067 1635 2139 1671 pro

1132 1678 1196 1714 illa
1228 1679 1406 1716 timeatur
1431 1693 1452 1716 a
1471 1679 1624 1729 judiciis
1647 1682 1732 1718 tuis.
1760 1681 1834 1719 Sed
1862 1690 1918 1719 est
1938 1682 2042 1731 quod
2061 1695 2140 1718 non

1134 1739 1260 1776 minus
1276 1752 1394 1790 saepe,
1416 1753 1486 1777 nec
1504 1741 1616 1777 noxie
1637 1742 1763 1778 minus
1778 1742 1947 1779 insidiari
1963 1741 2142 1791 judican-

1135 1798 1236 1836 tibus
1255 1800 1351 1837 solet
1372 1815 1380 1837 x
1400 1800 1446 1836 de
1462 1814 1538 1850 quo
1557 1801 1739 1848 maxime,
1764 1802 1856 1851 quid
1875 1802 1916 1839 in
1939 1810 2002 1839 tua
2028 1802 2142 1839 lateat

52 1860 143 1898 solis
164 1860 293 1898 radius
315 1860 363 1897 ad
377 1860 507 1897 nivem
526 1861 588 1897 vel
610 1861 798 1910 glaciem?
816 1859 975 1910 Sapiens
994 1863 1067 1896 Da·
1083 1860 1110 1896 C
1133 1859 1388 1906 conscientia,
1410 1860 1528 1897 latere
1546 1869 1581 1897 te
1599 1861 1730 1898 nolim.
1746 1862 1847 1910 Quid
1864 1861 1958 1898 illud
1974 1862 2021 1899 sit
2037 1875 2141 1911 quae—

50 1920 136 1967 vid,
160 1920 371 1970 sapientior
401 1920 583 1958 Salomon
614 1921 685 1957 fuit
707 1935 714 1957 :
740 1920 806 1957 sed
831 1919 1066 1956 blandienti.-

51 1979 123 2017 bus
154 1980 268 2017 nimis
295 1980 473 2018 secundis
493 1980 608 2018 rebus
629 1981 726 2017 alter
748 1993 796 2017 ex
816 1988 945 2030 parte,
971 1979 1067 2016 alter

51 2052 98 2076 ex
128 2048 209 2077 toto
230 2040 407 2091 desipuit.
433 2044 616 2091 Magnus,
650 2041 717 2090 qui
741 2040 914 2078 incidens
934 2040 971 2077 in
994 2039 1063 2076 ad-

49 2113 179 2147 versa,
200 2114 280 2138 non
299 2100 442 2138 excidit
470 2102 531 2138 vel
555 2114 692 2151 parum
716 2114 738 2137 a
757 2100 943 2150 sapientia
964 2114 972 2137 :
995 2113 1065 2137 nec

49 2160 191 2205 minor,
213 2160 274 2197 cui
295 2174 465 2211 praesens
485 2161 648 2198 felicitas.
660 2160 690 2197 si
711 2160 856 2207 arrisit,
878 2173 957 2200 non
975 2159 1066 2196 irri-

50 2219 108 2257 sit.
141 2223 368 2270 Quanquam
401 2220 548 2257 facilius
581 2220 796 2267 inveneris,
816 2220 883 2269 qui
910 2220 1065 2269 sapien—

50 2280 141 2317 tiam
160 2280 425 2327 retinuerunt,
447 2281 640 2317 contraria
662 2280 735 2317 sibi
756 2281 909 2317 fortuna
922 2309 931 2325 ‚
947 2292 1062 2328 quam

50 2340 117 2390 qui
131 2340 301 2391 propitia
316 2354 396 2378 non
413 2341 676 2392 perdiderunt.
696 2340 963 2379 Praeferendus
977 2340 1040 2377 ille
1052 2369 1062 2386 ,

50 2409 90 2438 et
108 2414 268 2451 magnus
287 2408 384 2449 esta,
406 2403 468 2439 cui
487 2403 590 2439 inter
609 2415 797 2453 prospera
817 2403 949 2439 saltem
967 2401 1064 2438 risus

51 2458 310 2506 indecentior,
329 2468 396 2497 aut
422 2474 549 2498 sermo
573 2462 820 2508 insolentior,
841 2470 907 2498 aut
925 2461 1065 2497 immo-

52 2518 221 2557 deratior
240 2534 332 2558 cura
349 2521 466 2559 vestis
478 2522 540 2558 vel
561 2522 735 2572 corporis
749 2535 829 2559 non
845 2522 1010 2572 irrepsit.

390 2647 569 2687 CAPUT
598 2649 721 2688 XIII.

54 2768 105 2801 Ab
124 2769 190 2802 olio
212 2776 244 2802 et
267 2771 377 2814 nugis,
408 2772 560 2814 vanisque
587 2773 786 2813 sermonibus
812 2772 995 2804 Pontificem
1018 2771 1069 2803 de-

478 2825 635 2862 hortatur.

107 2945 170 2982 22.
202 2946 282 2983 Etsi
313 2956 415 2984 recte
445 2948 605 2998 Sapiens
633 2948 812 2985 hortatur
842 2948 1065 2998 sapientiam

57 3004 170 3041 scribi
189 3005 229 3041 in
256 3006 338 3043 otio
352 3013 378 3053 ¹,
400 3008 614 3045 cavendum
638 3017 675 3045 et
694 3009 734 3045 in
753 3008 834 3045 otio
857 3008 978 3044 otium
997 3015 1065 3043 est.

57 3064 251 3114 Fugienda
282 3066 448 3116 proinde
475 3068 672 3116 otiositas,
704 3076 826 3104 mater
853 3079 1065 3116 nugarum,

59 3135 222 3162 noverca
241 3125 441 3164 virtutum.
457 3131 563 3165 Inter
583 3129 783 3165 saeculares
803 3140 932 3177 nugae,
956 3137 1066 3174 nugae

59 3192 172 3232 sunt;
195 3185 235 3222 in
255 3199 324 3224 ore
338 3188 546 3225 sacerdotis
559 3219 569 3236 ,
587 3187 846 3239 blasphemiae.
866 3185 1066 3224 Interdum

108 3328 116 3343 ¹
136 3324 230 3356 Eccli.
255 3336 407 3366 xxxviii,
437 3332 493 3360 25.
514 3347 558 3352 —
575 3335 587 3351 ²
613 3330 753 3362 Malach.
776 3341 823 3366 11,

105 3384 118 3399 ⁸
131 3382 234 3422 Alias,
253 3391 283 3415 et
304 3387 430 3430 maguis
451 3394 506 3419 est.

1083 2648 1117 2681 D
1135 2644 1316 2682 Gratulor
1344 2651 1471 2679 autem
1503 2641 1570 2678 tihi

1136 1919 1209 1955 ris?
1234 1920 1419 1969 Acceptio
1448 1933 1713 1970 personarum.
1743 1924 1828 1959 Non
1850 1921 1960 1971 parvi
1982 1929 2017 1957 te
2035 1934 2141 1958 reum

1133 1979 1281 2029 peccati
1305 1979 1497 2017 existimes
1514 2009 1523 2027 ,
1555 1980 1585 2017 si
1607 1980 1719 2017 facies
1739 1990 1981 2030 peccatorum
2002 1980 2117 2018 sumis
2132 2009 2141 2026 ‚

1134 2047 1172 2076 et
1192 2052 1271 2077 non
1300 2040 1430 2090 potius
1450 2054 1580 2077 causas
1602 2040 1789 2090 dijudicas
1815 2042 2051 2078 meritorum.
2077 2044 2143 2078 Est

1133 2100 1224 2136 item
1240 2101 1376 2137 vitium
1391 2129 1401 2146 ,
1422 2100 1530 2150 cujus
1547 2102 1577 2137 si
1603 2110 1638 2138 te
1659 2102 1869 2138 immunem
1890 2102 2024 2148 sentis,
2042 2101 2141 2138 inter

1132 2174 1266 2199 omnes
1283 2175 1380 2211 quos
1402 2162 1494 2198 novi
1513 2174 1559 2198 ex
1587 2161 1643 2198 his
1664 2161 1731 2210 qui
1750 2161 1947 2199 cathedras
1961 2161 2141 2199 ascende—

1131 2230 1234 2268 runt,
1258 2221 1407 2259 sedebis
1427 2235 1486 2258 me
1500 2221 1629 2270 judice
1651 2222 1841 2259 solitarius
1859 2237 1867 2258 :
1885 2223 1974 2272 quia
1992 2221 2139 2259 veraci-

1132 2290 1190 2319 ter
1219 2282 1536 2332 singulariterque
1570 2282 1702 2318 levasti
1733 2290 1768 2319 te
1807 2295 1923 2332 supra
1953 2290 2010 2328 te,
2033 2280 2141 2331 juxta

1130 2343 1359 2393 prophetam
1374 2341 1399 2379 3.
1422 2342 1595 2380 Facilitas
1615 2341 1850 2378 credulitatis
1874 2342 1955 2378 haec
1978 2350 2056 2388 est,
2079 2356 2143 2380 cu-

1127 2403 1191 2453 jus
1209 2403 1458 2440 callidissimae
1474 2403 1686 2452 vulpeculae
1702 2416 1927 2452 magnorum
1950 2403 2141 2441 neminem

1133 2463 1305 2513 comperi
1326 2463 1415 2499 satis
1445 2462 1587 2499 cavisse
1614 2463 1809 2499 versutias.
1840 2462 1935 2499 Inde
1965 2464 2019 2500 eis
2050 2463 2140 2513 ipsis

1132 2536 1205 2574 pro
1233 2523 1351 2560 nihilo
1383 2523 1448 2559 irae
1482 2523 1629 2568 multae,
1655 2522 1744 2558 inde
1772 2522 2033 2560 innocentium
2064 2523 2142 2561 fre-

1134 2596 1256 2632 quens
1293 2582 1480 2628 addictio,
1510 2581 1600 2618 inde
1631 2581 1853 2631 praejudicia
1885 2582 1925 2619 in
1953 2581 2139 2620 absentes.

1603 2656 1610 2678 :
1641 2655 1710 2678 nec
1745 2642 1843 2679 enim
1878 2642 2141 2679 assentationis

1135 2704 1238 2754 apud
1256 2712 1291 2740 te
1311 2716 1449 2740 vereor
1477 2703 1673 2739 incurrere
1698 2710 1828 2738 notam
1847 2717 1853 2738 :
1874 2702 2058 2751 gratulor,
2078 2702 2140 2738 in-

1135 2777 1249 2813 quam
1262 2793 1272 2810 ,
1294 2762 1498 2813 praesidere
1517 2770 1551 2798 te
1570 2774 1689 2811 usque
1706 2761 1830 2798 adhuc
1847 2761 1988 2811 absque
2002 2761 2141 2798 horum

1136 2825 1309 2862 omnium
1341 2823 1495 2873 querela
1523 2823 1642 2858 multa
1663 2838 1670 2859 :
1695 2836 1742 2859 an
1773 2831 1809 2859 et
1837 2823 1917 2859 sine
1947 2822 2078 2872 culpa,
2101 2830 2142 2858 tu

1136 2885 1287 2921 videris.
1309 2887 1417 2921 Nunc
1437 2883 1484 2919 ad
1505 2896 1548 2918 ea
1574 2896 1658 2931 quae
1679 2881 1749 2918 sub
1773 2891 1807 2918 te
1827 2890 1937 2928 sunt,
1965 2881 2140 2918 conside-

1136 2945 1232 2982 ratio
1251 2942 1497 2980 intcndenda.
1519 2947 1568 2979 At
1587 2942 1741 2979 alterius
1763 2942 1943 2992 principii
1963 2942 2037 2978 hoc
2054 2956 2062 2978 :
2083 2941 2136 2978 si-

1133 3005 1288 3054 quidem
1305 3003 1377 3040 tuis
1395 3001 1711 3053 occupationibus
1726 3016 1851 3040 sermo
1866 3002 2022 3040 brevior
2037 3015 2137 3039 com-

1135 3063 1325 3114 petentior
1341 3070 1406 3099 est.

850 3331 879 3359 7.
894 3331 937 3349 2'-
962 3323 974 3346 3
988 3325 1104 3357 Thren.
1122 3335 1182 3361 111,
1204 3327 1256 3355 28,
