2533 3920
389 202 464 240 3103

387 281 434 318 de
449 281 521 318 hoc
545 280 695 318 silentio
717 293 802 316 meo
820 293 898 329 iwzzp
892 278 1122 324 .··elieudc1c‚
1144 287 1181 314 ct
1199 290 1305 314 more
1325 274 1414 312 v²e-

1152 202 1186 236 S.
1218 198 1472 235 BERNARDI
1501 200 1702 234 ABBATIS

2389 200 2462 238 464

1436 273 1587 312 ²tentus
1610 288 1679 324 pei
1701 286 1896 310 mensem:
1915 279 1951 308 ct
1968 272 2030 308 vix
2048 272 2087 308 in
2110 271 2220 309 initio
2244 276 2314 321 Qu,
2316 274 2466 325 idrage-

386 349 465 379 stro
489 341 682 392 appellare
710 353 887 390 sopolem
913 355 920 376 :
943 338 1068 388 quod,
1091 347 1132 375 ut
1153 347 1272 388 puto,
1293 350 1387 374 con-
1408 339 1435 371 Α
1455 336 1556 372 simae
1570 335 1726 371 domum
1743 333 1850 370 redii.
1866 332 2022 382 Sus<ep1
2040 332 2225 369 tandema
2239 333 2461 384 Subpriore,

1460 396 1518 431 cui
1541 403 1582 430 tr·
1577 394 1686 430 aditae
1716 394 1890 438 sueiant,
1920 391 2064 428 litteras
2088 391 2169 428 illas
2193 401 2349 430 xmestras
2371 397 2466 433 Tra·
2518 420 2519 439 2

1461 464 1542 491 ctus
1567 463 1622 491 est
1643 454 1767 491 statim
1795 453 1962 498 animu53
1985 460 2022 489 et
2046 465 2133 488 cum
2153 452 2190 488 in
2210 453 2387 491 affectum
2399 469 2468 493 ve-
2517 482 2519 488 .

389 416 410 430 <
389 402 587 452 „mentius
605 415 646 438 ac
671 415 754 450 mag
746 402 788 437 is
816 401 972 451 p1··01)1ie
998 407 1150 436 sanctus
1171 399 1254 435 lsai·
1257 412 1285 435 ι5·
1309 399 1391 434 cul-

391 472 469 499 tum
486 462 642 512 justitiae
657 462 829 498 nominat
855 468 879 507 ¹,
897 470 933 497 et
952 460 997 496 de
1013 473 1089 509 quo
1111 459 1231 508 legitis
1261 459 1297 494 in
1322 459 1393 494 boc

389 523 472 573 ipso
500 522 710 572 propheta,
735 521 884 557 dicente
917 521 1100 563 Domino,
1132 523 1175 555 Iu
1197 522 1341 554 silvano
1361 528 1396 554 et

386 597 452 631 spe
473 586 541 619 erit
545 582 733 632 fortitudo
751 591 876 618 vestra
893 587 918 617 ².
932 580 1204 618 Commendate
1223 593 1282 615 me
1307 592 1395 614 ora-

386 643 554 680 tionibus
571 642 688 680 sancti
706 649 918 679 conventus
934 639 1188 678 Cluniacensis
1202 667 1211 681 ,
1233 639 1394 674 salutato

387 703 493 753 prius
519 716 566 740 ex
589 716 649 740 me
679 715 791 740 servo
815 701 986 738 omnium
1004 729 1014 746 ‚
1046 700 1074 736 si
1106 699 1262 748 dignum
1286 697 1395 746 judi-

389 772 491 801 catis.

388 903 588 913 -ινακιιςιιικιι
593 903 643 912 vum
648 902 672 912 ms
678 901 875 911 s==x===x==s=v=
881 901 890 910 ι
896 900 1079 910 ιειικιιςιιςνκ
1086 900 1165 909 ικιιι-
1171 898 1381 909 ιιςιᾳκιπιιιιιικ
1387 899 1395 907 ι

508 1020 881 1079 EPISTOLA
928 1020 1252 1076 CCXXIX.

444 1176 551 1200 PETRI
576 1175 822 1199 vm‘ssmfflus
851 1175 898 1197 Αι)
922 1174 1151 1197 BERNARDL'M
1182 1174 1348 1196 ΑΒΒιΤΕΜ
1366 1167 1395 1196 ³¹.

392 1298 540 1331 Bernardi
557 1297 666 1330 litteris
680 1297 902 1328 humanissime
915 1296 1101 1339 respondet,
1121 1296 1275 1338 simulque
1292 1307 1400 1327 causas

437 1352 665 1385 dissensionum
682 1353 762 1384 inter
778 1352 996 1384 Cluniacenses
1015 1357 1045 1382 et
1069 1351 1287 1382 (zistercieuses
1303 1361 1399 1393 expo-

437 1408 495 1439 nit.

391 1529 577 1578 Singulari
607 1529 853 1565 veneratione
883 1527 1066 1574 colendo,
1095 1528 1181 1565 totis
1207 1528 1399 1566 charitatis

445 1588 609 1625 brachiis
644 1587 931 1637 amplectendo,
951 1586 1149 1623 individuo
1177 1587 1302 1624 cordis
1323 1588 1397 1624 mei

446 1648 610 1698 hospiti,
635 1647 778 1684 domno
804 1650 1009 1683 Bas-Anno
1041 1647 1298 1685 Clarae—Vallis
1331 1646 1400 1684 ab-

444 1708 537 1754 bati,
556 1708 670 1744 frater
683 1711 832 1744 PETRcs
846 1707 996 1743 humilis
1014 1707 1317 1745 Cluniacensium
1330 1707 1399 1744 ab-

444 1768 535 1816 bas,
556 1769 714 1806 salutem
733 1798 742 1815 ‚
762 1768 808 1805 ad
833 1781 946 1818 quam
970 1769 1158 1818 suspirat,
1179 1777 1371 1805 aeternam.

451 1899 482 1934 l.
505 1896 693 1945 Quoniam
726 1904 799 1932 tam
827 1895 1001 1932 dulcibus
1027 1904 1063 1932 ct
1083 1895 1264 1944 jucundis
1288 1896 1399 1933 amici

396 1957 552 2002 litteris,
583 1955 722 2006 quibus
751 1964 788 1992 et
812 1957 892 2006 ipse
919 1955 1113 2005 jucundus
1139 1965 1176 1992 ct
1205 1956 1300 1993 citus
1331 1969 1398 1993 oc-

394 2030 548 2054 currere
565 2015 778 2054 debuissem
795 2045 804 2062 ‚
829 2016 959 2053 tradus
978 2017 1183 2066 rescriptor
1204 2029 1366 2053 occurro
1388 2031 1396 2053 τ

396 2076 593 2114 mirabitur
630 2077 797 2114 fortassis
824 2077 942 2113 solers
968 2077 1152 2114 Sanctitas
1176 2085 1299 2113 vestra
1317 2105 1326 2123 ,
1361 2085 1399 2114 et

394 2137 565 2186 segnitiei
584 2138 643 2174 vel
665 2137 919 2187 contemptui,
951 2145 993 2174 ut
1018 2137 1155 2183 timeo,
1186 2136 1397 2187 deputabit.

395 2197 467 2234 Sed
500 2196 598 2234 absit
629 2205 855 2246 utrumque3
889 2211 958 2234 nec
989 2196 1086 2234 absit
1122 2205 1267 2234 tantum
1287 2227 1296 2244 ‚
1334 2198 1401 2236 sed

398 2269 554 2306 prorsus
584 2264 787 2305 utrumque
812 2255 916 2292 abest
944 2271 951 2293 :
986 2269 1072 2292 cum
1098 2257 1174 2294 fere
1206 2258 1299 2294 nihil
1328 2271 1402 2294 un-

395 2329 507 2365 quam
520 2345 530 2363 ,
553 2324 739 2366 quantum
759 2316 806 2352 ad
828 2316 970 2353 litteras
988 2318 1177 2366 pertinet,
1197 2318 1259 2354 vel
1277 2317 1401 2354 liben-

395 2376 467 2413 tius
491 2376 745 2426 susceperim,
767 2376 827 2413 vel
853 2376 1057 2414 studiosius
1078 2377 1245 2427 legerim.
1267 2378 1402 2415 Tardi-

395 2437 479 2474 tatis
509 2450 621 2474 causa
644 2450 692 2474 ex
713 2444 822 2487 parte
847 2438 992 2474 exstitit
1021 2438 1120 2475 lator
1147 2451 1278 2475 earum
1301 2468 1311 2486 ,
1335 2439 1401 2489 qui

394 2497 616 2534 Cluniacum
635 2497 813 2544 veniens,
833 2510 902 2534 nec
926 2511 986 2534 me
1002 2498 1056 2534 ibi
1072 2498 1296 2543 inveniens,
1315 2513 1402 2536 cum

393 2556 475 2607 ipse
503 2569 581 2594 non
606 2555 717 2593 valde
746 2565 938 2604 remotus,
966 2557 1041 2594 hoc
1066 2566 1123 2594 est
1147 2559 1363 2595 Marciniaci
1386 2557 1403 2581 ¹³

395 2629 514 2654 essem
529 2646 538 2663 ,
559 2617 702 2654 litteras
731 2631 826 2667 quas
855 2617 1000 2654 ferebat
1025 2617 1117 2654 mihi
1147 2631 1217 2655 nec.
1243 2618 1400 2665 detulit,
1417 2626 1450 2659 D
1471 2639 1486 2654 »
1507 2629 1622 2658 stram

397 2689 467 2713 nec
489 2677 612 2722 misit,
630 2677 697 2714 sed
719 2677 887 2714 Cluniaci
906 2677 1060 2714 dimisit.
1082 2680 1129 2714 Et
1145 2690 1192 2714 ne
1211 2678 1317 2714 velut
1341 2692 1404 2715 ac-

396 2749 527 2773 cusare
556 2735 701 2773 bonum
727 2736 852 2773 virum
885 2735 1039 2782 videar;
1072 2736 1188 2773 credo
1216 2749 1303 2773 eum
1337 2745 1402 2773 aut

397 2795 630 2845 quibuslibet
653 2796 813 2845 negotiis
843 2804 1069 2843 retractum,
1097 2805 1162 2833 aut
1184 2796 1400 2843 acerrimae,

396 2869 481 2906 quae
510 2865 598 2892 tunc
618 2855 884 2903 incumbebat,
918 2857 1051 2894 hiemis
1077 2857 1319 2903 austeritate,
1354 2871 1402 2895 ne

399 2929 458 2952 mc
487 2925 691 2952 conaretur
711 2916 814 2953 adire¹
828 2945 837 2962 ‚
865 2916 1100 2954 deterritum.
1122 2921 1293 2954 Moratus
1318 2931 1400 2955 sum

397 2983 435 3012 ct
453 2988 522 3025 ego
541 2975 703 3022 ibidem,
724 2984 798 3012 tam
816 2975 989 3023 nivibus,
1017 2990 1130 3027 quam
1150 2977 1310 3027 negotiis
1333 2978 1401 3015 de-

448 3117 546 3147 ¹1sai.
566 3119 753 3153 xxx11,17.
774 3134 818 3139 -—
836 3123 848 3139 ²
867 3117 914 3149 ld.
935 3129 1018 3155 mx,
1043 3123 1094 3149 Ιζ).

1463 516 1529 552 stri
1563 516 1724 551 multum
1754 522 1840 550 ante
1873 513 2039 559 caleret,
2067 513 2181 562 longe
2217 514 2380 564 amplius
2400 529 2470 566 per

1460 575 1611 613 casdem
1631 575 1776 611 litteras
1800 575 1892 610 flatu
1923 574 2089 623 pectoris
2107 574 2225 610 vestri
2245 587 2468 625 succensus,

1464 637 1555 673 nihil
1574 637 1673 673 ultra
1690 635 1867 684 frigidum
1894 633 2112 684 tepidumve
2134 633 2205 670 sibi
2226 635 2347 671 inesse
2378 648 2472 686 per-
2516 655 2519 658 ι

1463 697 1573 733 misit.
1604 700 1761 733 Tractus
1775 724 1784 741 ‚
1812 695 1970 745 inquam
1984 724 1994 742 ‚
2020 694 2149 744 sicque
2171 702 2311 732 tractus
2335 704 2410 743 est,
2428 705 2472 736 ut

1463 756 1567 806 quod
1599 769 1817 806 nunquam,
1841 756 1914 792 nisi
1944 768 2140 792 sacrorum
2169 756 2384 793 reverentia
2406 757 2471 795 Li-

1463 817 1620 854 brorum
1637 830 1696 853 me
1714 815 1845 852 fecisse
1861 815 2038 860 memini,
2053 814 2258 864 perlectam
2272 815 2471 866 epistolam

1465 890 1554 913 mox
1571 876 1812 913 exosculatus
1831 875 1913 912 sim.
1931 878 1977 912 Et
2002 883 2044 912 ut
2067 887 2133 912 eos
2154 887 2250 924 quos
2276 883 2468 925 poteram,

1462 937 1550 987 quia
1568 945 1658 973 tunc
1682 950 1760 973 non
1781 949 1915 973 omnes
1931 944 2106 986 poteram
2122 964 2132 982 ‚
2159 935 2198 972 in
2225 943 2362 972 vestrae
2381 936 2471 975 cha-
2516 954 2518 966 2

1463 996 1583 1033 ritatis
1605 997 1805 1041 affectum,
1836 1009 1943 1033 more
1967 996 2061 1032 mihi
2084 996 2217 1042 solito,
2247 996 2470 1046 excitarem3

1415 1059 1444 1094 B
1462 1055 1745 1106 circumpositis
1777 1054 1994 1105 quibusque
2021 1054 2127 1104 quod
2155 1055 2246 1091 mihi
2273 1055 2344 1092 soli
2369 1056 2471 1106 lege-
2515 1058 2519 1095 ἱ

1464 1130 1543 1153 ram
1557 1145 1566 1162 ‚
1586 1116 1722 1165 relegi,
1752 1129 1894 1165 eosque
1917 1128 2006 1165 erga
2024 1128 2093 1152 vos
2109 1115 2148 1151 in
2174 1114 2359 1165 majorem
2380 1115 2472 1155 dile-
2516 1142 2530 1158 ι,

2513 1176 2519 1217 l
2528 1200 2529 1204 ,

1465 1177 1601 1214 ctionis
1617 1176 1793 1213 affectum
1814 1189 1886 1226 pro
1903 1175 2052 1213 viribus
2076 1175 2280 1213 commovi.
2302 1177 2473 1216 Recondi

1466 1237 1590 1274 statim
1615 1250 1698 1282 eas,
1721 1245 1759 1274 et
1781 1237 1968 1286 argenteis
1995 1236 2074 1273 sive
2106 1236 2255 1282 aureis,
2280 1249 2379 1286 quos
2402 1250 2473 1288 pro
2516 1256 2533 1267 π

1468 1310 1574 1334 more
1594 1297 1685 1333 mihi
1711 1310 1731 1333 a
1747 1295 1920 1346 patribus
1941 1297 2076 1334 relicto
2090 1325 2101 1343 ,
2122 1295 2170 1333 ad
2185 1309 2285 1347 opus
2310 1296 2473 1335 eleemo-
2514 1322 2518 1330 ι

1466 1370 1570 1406 synae
1590 1370 1738 1393 mecum
1767 1356 1866 1393 serre
1890 1356 2018 1403 soleo,
2045 1355 2217 1405 adjunxi.
2239 1359 2317 1393 Nec
2336 1355 2472 1394 incon·
2514 1383 2515 1386 =

1465 1430 1570 1467 grue.
1601 1421 1693 1454 Nam
1734 1430 1850 1467 super
1884 1429 1999 1453 omne
2035 1428 2173 1452 aurum
2203 1423 2243 1452 et
2276 1424 2473 1465 argentum
2513 1431 2516 1440 ’

1465 1485 1590 1514 vestra
1620 1477 1712 1513 mihi
1744 1476 1890 1527 gratia,
1923 1475 2026 1513 bona
2064 1484 2191 1513 vestra
2223 1475 2385 1513 charitas
2417 1484 2475 1514 est

1465 1546 1644 1588 pretiosa.

1519 1598 1554 1635 2.
1572 1596 1795 1635 Rescribere
1811 1596 1916 1646 quod
1932 1595 2060 1633 animo
2075 1595 2268 1633 insederat
2275 1595 2476 1647 ,sequenti

2511 1606 2533 1633 l

1467 1658 1526 1695 die
1552 1658 1677 1696 statim
1697 1657 1829 1694 xolui:
1857 1656 1922 1694 sed
1955 1670 1975 1693 a
1995 1656 2242 1706 quotidiano,
2271 1657 2349 1694 imo
2378 1669 2475 1707 pene
2511 1675 2533 1695 .-

1466 1719 1650 1756 continuo
1682 1726 1860 1755 exactore
1886 1717 1959 1754 alia
1988 1725 2211 1767 reposcente
2239 1716 2485 1768 prohibitus,
2511 1702 2533 1754 ll

1468 1779 1647 1816 conticui.
1673 1777 1881 1829 Impeiaxit
1912 1777 2006 1814 mihi
2038 1778 2150 1828 plane
2176 1778 2394 1825 silentium,
2416 1778 2476 1816 cui

1420 1844 1447 1879 C
1467 1839 1638 1878 resistere
1660 1852 1738 1875 non
1760 1846 1952 1888 poteram,
1979 1837 2206 1875 durissimus
2237 1838 2469 1888 imperator,

1466 1910 1503 1938 et
1532 1913 1623 1937 cura
1651 1899 1851 1949 multiplex
1877 1899 2114 1935 infinitarum
2146 1912 2369 1946 causarum,
2397 1911 2474 1936 non
2512 1904 2533 1927 ¹·

1467 1974 1543 1998 uno
1561 1968 1730 2006 tantum,
1749 1959 1813 1996 sed
1838 1959 1965 1996 multis
1982 1972 2042 1996 me
2062 1958 2197 1996 diebus
2214 1959 2324 1996 silere
2340 1959 2472 2009 coegit.

1465 2019 1691 2057 Transibant
1719 2018 1953 2068 quandoque
1984 2018 2203 2069 quindecim
2233 2019 2332 2067 dies,
2351 2032 2474 2069 quan-

1465 2080 1593 2130 doque
1636 2080 1783 2129 integer
1823 2080 1984 2126 mensis,
2027 2079 2262 2130 quandoque
2302 2078 2470 2117 continui

1468 2154 1634 2187 menses,
1655 2140 1795 2190 quibus
1826 2139 1994 2177 scribere
2027 2153 2179 2191 semper
2206 2140 2376 2188 nitebar3
2406 2152 2475 2178 nec
2510 2154 2533 2179 ἰ

1466 2203 1698 2252 imperatore
1710 2200 1788 2250 jam
1808 2200 1911 2237 dicto
1926 2201 2187 2251 permittebar.
2205 2201 2308 2251 Rupi
2324 2201 2473 2238 tandem
2508 2187 2533 2268 ιι

1467 2262 1731 2312 importunum
1762 2261 1958 2298 vinculum

1468 2324 1595 2360 oneris
1611 2331 1649 2359 et
1667 2330 1862 2372 sceptrum
1878 2321 2067 2358 exactoris
2083 2321 2211 2358 furtim
2227 2321 2474 2372 scriptitando

1468 2381 1658 2433 superavi.
1689 2384 1743 2418 Ac
1773 2394 1820 2417 ne
1850 2380 2068 2431 superfluus
2093 2380 2248 2428 videar,
2277 2389 2475 2432 tantopere
2508 2380 2510 2389 '

1987 2275 1995 2298 ε
2023 2269 2061 2298 et
2090 2261 2176 2298 licet
2201 2275 2320 2311 aegre,
2340 2261 2473 2312 jugum
2524 2274 2532 2292 ¹

1468 2455 1651 2480 excusans
1671 2441 1887 2478 tarditatem
1914 2440 2170 2488 rescribendi,
2188 2441 2270 2492 ipse
2295 2453 2475 2479 excusare
2524 2460 2533 2478 ·.

1468 2503 1642 2552 coegistis
1657 2531 1666 2549 ,
1685 2501 1776 2538 dum
1799 2501 1945 2538 dixistis
1969 2516 1977 2537 :
2000 2518 2015 2534 «
2034 2505 2120 2539 Non
2143 2502 2306 2538 multum
2328 2510 2476 2552 tempo—
2506 2519 2510 2550 ¹:

1469 2579 1484 2595 »
1503 2562 1553 2598 ris
1571 2570 1645 2608 est,
1663 2575 1710 2598 ex
1730 2575 1808 2611 quo
1825 2560 1996 2598 scribens
2017 2561 2063 2598 ad
2088 2575 2179 2607 vos,
2199 2564 2390 2600 Coronam
2408 2573 2474 2600 ve-
2505 2562 2510 2599 ὲ

1649 2629 1662 2643 ⁰
1684 2620 1810 2657 debita
1838 2621 2085 2658 veneratione
2114 2622 2295 2670 salutavi,
2325 2630 2366 2660 et
2398 2614 2533 2659 noun*

2095 2695 2103 2718 :
2132 2694 2202 2719 nec
2232 2681 2354 2719 multo
2387 2689 2473 2719 ante
2505 2679 2533 2714 l«

1472 2681 1754 2731 »respondistis
1783 2681 1874 2717 mihi
1904 2680 2065 2718 verbum

1471 2755 1656 2778 »rursum
1686 2754 1733 2778 ex
1762 2741 1857 2779 urbe
1884 2745 2008 2779 Roma
2034 2741 2146 2779 vobis
2175 2742 2473 2792 scripseram‚et
2525 2769 2532 2784 ι

1470 2819 1484 2834 »
1505 2814 1574 2838 nec
1597 2809 1686 2838 tunc
1708 2801 1862 2851 quidem
1879 2802 1939 2839 vel
1960 2815 2080 2839 unum
2100 2802 2178 2839 iota
2200 2801 2340 2852 recepi.
2357 2799 2471 2839 Modo
2525 2814 2533 2838 ι

1470 2878 1485 2894 υ
1506 2860 1713 2908 miramini,
1730 2861 1835 2911 quod
1856 2861 2063 2899 revertenti
2080 2875 2204 2912 nuper
2220 2861 2267 2900 de
2282 2859 2472 2912 Hispani‘u
2504 2863 2533 2895 ιε’

1469 2938 1483 2952 ι)
1505 2933 1623 2969 nugas
1652 2933 1754 2957 meas
1782 2920 1910 2958 denuo
1937 2920 2045 2959 vobis
2073 2921 2246 2972 ingerere
2273 2934 2351 2959 non
2370 2933 2470 2971 prae·
2504 2929 2507 2969 ζ

1468 2996 1481 3012 n
1499 2981 1667 3031 sumpsi?
1680 2982 1792 3030 Quod
1805 2981 1835 3018 si
1849 2982 1960 3032 culpa
1974 2990 2030 3020 est
2042 2995 2284 3033 quacumque
2299 2995 2345 3019 ex
2362 2992 2471 3019 causa
2502 3012 2505 3017 .
2522 2993 2530 3015 ι·

443 3188 457 3203 ³
477 3185 551 3213 lia-c
575 3182 724 3224 epistola,
752 3182 865 3225 scripta
895 3194 977 3215 anno
1006 3183 1118 3216 (bristi
1150 3187 1254 3221 1143,
1279 3193 1324 3218 cst
1352 3189 1388 3218 17
1411 3187 1479 3218 libri
1500 3189 1613 3230 quarti.
1639 3192 1745 3221 Exstat
1771 3190 1830 3221 alia
1849 3190 1987 3232 ejusdem
2009 3191 2182 3234 argumenti
2203 3191 2235 3223 iu
2249 3190 2331 3223 libro
2346 3188 2462 3234 primo,

396 3246 509 3277 nempe
533 3235 662 3277 epistola
682 3239 699 3259 ⁹
682 3239 736 3267 58.

444 3282 459 3305 i,
474 3289 718 3327 marciniacum
742 3291 797 3321 ιιι
789 3291 892 3329 ,ςιιιιιιιι
910 3302 955 3321 cu
950 3290 1086 3321 uobium
1100 3291 1138 3322 ad
1153 3291 1302 3333 Ligerim,
1318 3304 1336 3324 a
1348 3301 1454 3326 sancto
1470 3298 1600 3337 Hugonc.
1617 3295 1729 3326 abbate
1744 3298 1765 3327 (.
1769 3296 1936 3328 laniat-tusi
1951 3295 2127 3329 fundauuu.

445 3344 514 3373 ln
531 3342 681 3385 superiori
697 3343 825 3386 epistola
839 3343 966 3383 lenum
990 3351 1119 3374 iesltam
1143 3347 1215 3388 1103
1213 3345 1407 3377 nilmlinem.
