2533 3920
2477 0 2479 32 Ι

2478 34 2479 56 l

379 95 453 131 1507
1146 94 1181 127 S.
1212 92 1271 126 BE
1278 89 1468 125 RNARDI
1496 86 1701 124 ABBATIS
2386 90 2458 129 (303

375 170 510 209 cedere
539 170 765 221 compellat,
797 178 862 206 aut
882 169 1061 206 dominus
1089 172 1190 218 Papa
1211 168 1382 218 quietem
1395 165 1492 202 ‘²⁹⁷et
1520 177 1649 201 amore
1670 161 1850 211 suscipite
1864 189 1873 206 ‚
1904 173 1982 210 quo
2004 161 2144 211 dignus
2166 171 2245 210 est3
2267 172 2304 200 et
2328 165 2380 202 sic
2398 157 2480 211 aiu-l

375 232 596 282 indulgeat;
617 244 688 281 pro
719 237 852 266 nostro
876 229 1014 278 exiguo
1035 242 1168 279 sapere
1186 228 1385 265 consilium
1408 230 1435 261 A
1456 225 1532 262 dite
1543 237 1630 261 eum
1656 224 1694 260 in
1723 221 1905 259 omnibus
1921 250 1931 267 ,
1950 229 2132 271 tanquam
2154 236 2214 259 me
2228 223 2365 273 ipsum.
2383 230 2460 266 Imo
2478 229 2480 263 ζ

377 293 511 330 damus
528 323 538 339 ,
567 301 609 328 ut
635 292 740 328 nulla
767 291 890 327 victus
909 298 974 326 aut
1001 290 1158 326 vestitus
1179 289 1362 339 asperitas
1378 318 1388 335 ,

378 355 483 391 nulla
501 353 659 390 omnino
685 359 889 402 paupertas
915 363 981 387 vos
1005 350 1220 396 deterreat,
1239 349 1390 399 quomi-

378 427 450 451 nus
481 413 699 457 transeatis,
724 412 790 448 ubi
816 410 999 460 majorem
1032 410 1205 447 invenire
1231 410 1390 460 speratis

378 474 595 525 puritatem.
622 477 849 522 Quanquam
876 472 914 508 in
941 470 1162 520 hujusmodi
1187 470 1388 517 domibus,

378 533 576 571 animabus
597 534 649 571 sic
674 533 900 578 consulitur,
920 540 959 568 ut
976 546 1048 582 pro
1076 540 1184 568 aetate
1212 540 1249 568 et
1266 530 1390 567 imbe-

378 596 532 632 cillitate
547 624 556 642 ,
575 608 744 644 congrua
764 607 854 631 cura
877 592 1104 643 corporibus
1121 607 1199 629 non
1218 601 1388 642 negetur.

378 656 502 693 Vestri
524 668 654 691 sumus
668 684 677 701 ,
696 667 767 704 pro
794 652 904 690 vobis
927 657 1049 690 Deum
1071 666 1248 702 rogamus
1267 661 1390 689 atten-

380 715 468 761 tius,
492 725 678 765 quatenus
701 715 870 764 adspiret
894 713 1003 749 vobis
1017 714 1122 763 quod
1147 714 1282 750 melius
1302 722 1358 749 est
1381 727 1388 748 ε

379 775 640 824 concedatque
668 775 819 825 pondus
845 774 919 810 dici
943 782 980 810 et
1003 782 1115 810 festus
1143 775 1194 811 sic
1216 782 1389 824 portare,

379 844 421 872 ut
452 836 498 872 ad
534 849 732 885 vesperam
763 835 865 884 regia
889 834 1078 883 signatum
1105 835 1268 884 imagine
1292 833 1391 870 reci-

380 896 491 945 piatis
512 896 723 932 denarium.

378 1041 1391 1052 ====================================================================

502 1151 883 1210 EPISTOLA
952 1149 1264 1210 CCCXX?

379 1310 598 1333 ALEXANDRO
632 1310 763 1332 PRIORI
800 1309 849 1330 DE
880 1308 1061 1331 FONTIBUS
1074 1295 1104 1342 *‚
1136 1310 1182 1332 ET
1218 1309 1392 1332 EJUSDEM

717 1370 803 1393 LOCI
835 1370 1047 1393 FRATRIBt‘S.

426 1491 579 1519 Hortatur
613 1487 653 1518 ad
680 1487 864 1519 electionem
892 1488 966 1519 novi
1001 1488 1122 1520 abbatis
1158 1488 1350 1521 unanimiter

794 1541 980 1574 faciendam.

380 1662 641 1701 Dilectissimis
677 1663 715 1699 in
754 1663 903 1700 Christo
945 1662 1124 1700 fratribus
1161 1667 1396 1701 Amans-nno

1457 295 1493 323 et
1527 293 1631 322 tanto
1653 284 1837 334 amplius,
1860 290 2006 332 quanto
2026 283 2088 319 ille
2110 291 2147 319 et
2172 283 2398 333 prudentia,
2427 299 2462 326 et

1459 347 1602 383 meritis
1633 344 1846 382 antecessit.
1875 343 1918 380 Ei
1950 343 2138 392 siquidem
2168 353 2205 381 et
2234 345 2273 380 in
2300 346 2480 387 facienda¹

1457 407 1643 443 electione
1659 434 1668 451 ,
1693 414 1730 441 et
1761 405 1800 441 in
1829 402 2011 440 omnibus
2027 432 2036 449 ,
2061 417 2313 454 quaecumque
2342 408 2400 444 vel
2425 409 2481 447 in}

1457 467 1529 503 hoc
1549 466 1793 510 monasterio,
1810 464 1869 500 vel
1887 463 1925 499 in
1946 465 2091 501 caeteris
2113 478 2198 514 quae
2215 464 2262 501 ab
2285 478 2330 502 eo
2362 468 2462 507 exie·-
2480 462 2481 467 ¹

1458 536 1547 564 runt
1561 534 1588 572 ⁰,
1606 524 1832 570 ordinanda,
1848 524 1907 560 vel
1929 523 2168 560 emendanda
2194 524 2358 571 fuerint,
2384 539 2464 565 om-

1457 589 1550 624 nino
1567 587 1692 623 vicem
1719 594 1889 622 nostram
1911 584 2098 621 commisi.
2130 584 2217 622 Misi
2243 593 2368 623 autem
2382 601 2463 627 cum

1456 662 1502 685 eo
1532 647 1686 684 fratrem
1712 645 1963 691 XVillelmum,
1984 644 2049 693 qui
2070 652 2127 681 est
2147 644 2245 681 lilius
2266 654 2396 683 noster
2415 647 2466 686 di-

1456 708 1694 744 lectissimus.

1513 768 1547 804 2.
1593 771 1638 804 Et
1682 780 1785 803 nunc
1819 766 1980 803 obsecro
2025 778 2093 802 vos
2108 794 2118 811 ‚
2157 773 2338 814 tanquam
2377 766 2466 805 {ilios

1459 828 1701 864 charissimos
1716 856 1725 873 ,
1757 835 1800 863 ut
1818 827 1857 864 in
1879 827 2065 863 electione
2086 834 2212 863 vestra
2229 825 2394 875 idipsum
2410 840 2484 871 sa·2

1461 888 1575 938 piatis
1586 900 1732 933 omnes,
1752 895 1788 922 et
1804 900 1881 923 non
1904 887 2033 923 sintin
2054 885 2165 923 vobis
2180 875 2483 938 schismata,sed⁴f

1412 953 1440 986 Β
1461 948 1661 985 unanimes
1687 960 1765 983 uno
1787 960 1853 983 ore
1879 947 2098 996 glorificetis
2120 950 2263 993 Deum3
2293 947 2467 996 quoniam

1458 1022 1536 1046 non
1560 1017 1617 1044 cst
1642 1011 1745 1045 Deus
1768 1007 2038 1055 dissensionis,
2067 1006 2133 1044 sed
2161 1007 2265 1057 pacis
2287 1022 2294 1044 :
2316 1007 2415 1045 unde
2433 1017 2485 1048 et.

1459 1069 1578 1106 factus
1592 1077 1649 1105 est
1668 1069 1705 1105 in
1727 1082 1819 1119 pace
1841 1069 1945 1105 locus
1967 1067 2050 1116 ejus
2067 1096 2077 1113 ,
2105 1075 2143 1104 et
2165 1067 2275 1114 dicit,
2303 1069 2376 1114 Qui
2395 1082 2464 1105 mm

1458 1133 1600 1179 colligit
1621 1144 1785 1174 mecum,
1812 1132 1997 1179 dispergit
2026 1135 2050 1166 ¹.
2079 1128 2189 1166 Absit
2214 1128 2317 1165 enim
2347 1128 2393 1165 ab
2417 1129 2485 1183 hist

1459 1190 1524 1239 qui
1557 1190 1595 1225 in
1629 1189 1757 1226 schola
1783 1189 1921 1227 Christi
1948 1189 2121 1239 degunt,
2151 1187 2222 1225 sub
2261 1189 2469 1238 magisterio

1461 1251 1624 1301 Spiritus
1643 1250 1786 1296 sancti,
1816 1259 1858 1288 ut
1884 1250 2047 1300 gaudeat
2071 1250 2118 1287 de
2139 1250 2192 1287 eis
2216 1250 2409 1297 inimicus,
2436 1260 2471 1290 et

1461 1311 1498 1348 in
1513 1325 1645 1348 eorum
1667 1311 1902 1348 dissensione
1919 1311 2117 1362 glorietur,
2133 1310 2237 1360 quod
2255 1319 2291 1347 et
2306 1311 2470 1361 ipsorum

1462 1372 1598 1408 animae
1622 1372 1912 1421 periclitentur,
1944 1380 1981 1407 et
2010 1372 2150 1408 frustra
2171 1370 2352 1420 depereat
2377 1379 2485 1409 totus*

1462 1433 1696 1483 poenitentiae
1716 1432 1847 1479 labor;
1865 1441 1903 1469 et
1928 1433 2045 1469 fetere
2071 1431 2210 1468 saciant
2230 1431 2391 1469 odorem
2410 1430 2472 1470 bo-

1464 1508 1555 1531 num
1578 1493 1732 1532 Ordinis
1760 1494 1903 1540 nostri,
1933 1502 1969 1530 et
1998 1506 2068 1543 per
2094 1505 2160 1529 cos
2179 1505 2321 1528 nomen
2342 1491 2472 1530 Christi

1463 1554 1766 1605 blasphemetur,
1792 1568 1861 1604 per
1887 1567 1985 1604 quos
2016 1553 2181 1590 maxime
2209 1553 2332 1589 suerat
2361 1552 2473 1602 glori-

1465 1615 1669 1652 ficandum.
1699 1620 1782 1653 Imo
1803 1628 1917 1660 vero,
1941 1615 2038 1651 sicut
2054 1613 2151 1651 bene
2176 1613 2222 1650 de
2243 1612 2354 1650 vobis
2380 1608 2486 1650 con-⁴

1465 1675 1632 1721 fidimus,
1656 1676 1751 1712 sicut
1777 1675 1886 1712 decet
1912 1683 2083 1720 sanctos,
2104 1674 2200 1711 sicut
2225 1682 2378 1724 oportet
2398 1672 2486 1711 ser-³

439 1724 587 1769 Psiffl'ia
619 1732 655 1760 et
682 1724 862 1760 universo
889 1724 1097 1760 (3οΠΨοῃωί
1128 1724 1174 1761 de
1192 1724 1396 1768 FUffiibUS’
1419 1738 1445 1773 C
1468 1750 1536 1773 vos
1566 1736 1726 1782 Christi,
1759 1736 2004 1781 unanimiter,
2027 1734 2205 1780 obsecro,
2227 1734 2354 1784 eligite
2373 1733 2491 1771 vobis

441 1785 556 1822 frater
594 1788 818 1821 BERNAnnus
870 1785 1198 1822 Clarae-Vallensis
1241 1794 1401 1822 vocatus

440 1844 583 1890 abbas,
618 1845 803 1892 salutem,
839 1853 877 1881 et
919 1853 1066 1882 nostras
1104 1846 1401 1895 qualescumque

441 1904 644 1941 orationes.

447 2035 479 2069 1.
501 2030 739 2070 Venerabilis
765 2040 873 2082 pater
893 2041 1019 2069 vester
1039 2030 1056 2055 1,
1078 2031 1189 2069 beato
1213 2034 1288 2070 fine
1314 2047 1402 2070 cur-

389 2107 474 2130 sum
505 2094 807 2139 consummavit,
832 2102 868 2130 et
899 2094 1134 2130 obdormivit
1162 2094 1200 2130 in
1221 2095 1401 2131 Domino.

389 2158 469 2203 Ego
487 2168 579 2191 vero
599 2154 686 2191 licet
708 2154 811 2190 omni
833 2162 1006 2204 tempore
1022 2184 1031 2200 ‚
1053 2162 1212 2204 paterna
1239 2169 1310 2205 pro
1334 2169 1404 2192 vo—

389 2213 461 2259 bis,
484 2223 662 2264 tanquam
691 2228 762 2265 pro
788 2214 998 2251 visceribus
1029 2215 1192 2261 nostris,
1222 2216 1404 2252 charitate

391 2276 594 2322 sollicitus,
614 2289 716 2312 nunc
740 2284 844 2312 tanto
870 2274 1053 2324 majorem
1073 2289 1144 2325 pro
1167 2275 1277 2312 vobis
1302 2276 1407 2313 solli-

392 2335 600 2372 citudinem
627 2349 717 2385 gero
732 2365 740 2381 ,
765 2344 910 2385 quanto
929 2334 1052 2384 major
1070 2335 1257 2372 incumbit
1275 2350 1407 2373 neces-

392 2396 491 2432 sitas.
523 2396 636 2433 Unde
669 2405 705 2432 et
739 2395 883 2432 dudum
915 2396 1099 2432 misissem
1130 2395 1178 2432 ad
1207 2409 1301 2441 vos,
1335 2396 1407 2432 nisi

391 2456 495 2506 quod
528 2455 795 2506 exspectabam
814 2485 824 2503 ,
858 2455 981 2492 donec
1011 2455 1270 2506 opportunius
1292 2464 1406 2505 atque

390 2517 520 2554 utilius
547 2517 585 2553 id
616 2530 727 2567 agere
757 2530 930 2567 possem,
966 2530 1011 2553 eo
1045 2515 1150 2565 quod
1175 2515 1406 2553 venerabilis
1426 2524 1455 2558 D

391 2577 508 2615 abbas
532 2578 720 2615 Henricus
743 2578 760 2595 *
792 2577 902 2614 citius
932 2577 1115 2613 advenire
1144 2590 1223 2613 non
1254 2586 1404 2626 posset,

393 2639 554 2687 negotiis
583 2637 773 2688 aliquibus
800 2646 1008 2687 occupatus
1031 2650 1038 2672 ι
1061 2650 1175 2686 quem
1211 2637 1403 2687 praecipue

393 2699 583 2736 destinare
608 2712 887 2750 proposueram
915 2698 962 2735 ab
982 2698 1103 2743 initio,
1131 2711 1177 2735 eo
1199 2697 1304 2748 quod
1323 2699 1402 2749 ipse

393 2760 539 2806 utilior,
560 2768 598 2796 et
612 2760 698 2796 huic
716 2760 870 2809 negotio
882 2759 999 2809 magis
1016 2759 1178 2796 idoneus
1195 2758 1403 2797 videretur.

394 2824 504 2860 Hunc
525 2834 629 2870 ergo,
654 2821 789 2857 fratres
811 2820 1066 2865 dilectissimi,
1087 2833 1171 2857 cum
1195 2833 1241 2856 eo
1258 2820 1406 2873 honore

473 2977 547 3004 Luc.
568 2985 604 3004 xt
618 2998 626 3011 ,
652 2977 705 3006 23.

1468 1796 1648 1833 idoneum
1674 1805 1867 1846 pastorem
1889 1796 2102 1832 animarum
2135 1803 2373 1840 vestrarum,
2405 1806 2490 1831 una:

1470 1871 1555 1894 cum
1593 1855 1877 1893 venerabilibus
1913 1855 2118 1892 abbatibus
2154 1854 2200 1891 de
2240 1855 2410 1892 Rievalle
2440 1862 2475 1891 et

1470 1917 1706 1955 Valle-Clara
1727 1932 1734 1953 :
1759 1929 1924 1966 quorum
1944 1915 2104 1952 consilio
2129 1914 2219 1951 volo
2239 1928 2309 1952 vos
2332 1915 2371 1952 in
2393 1928 2474 1952 om-

1473 1976 1584 2014 nibus
1605 1977 1848 2028 acquiescere
1861 2005 1871 2023 ,
1895 1985 2076 2028 tanquam
2097 1983 2244 2014 nostro.

1472 2128 2093 2138 xxxxxxxxxxxxxxxxxxxxxxxxxxxxxxxxxxxxxxxxxx
2094 2129 2107 2138 ι
2113 2128 2476 2138 νικιικικιιιιιιιιιιιινιιικ

1588 2248 1961 2306 EPISTOLA
2023 2237 2362 2306 (ΙΟΟΧΧΙ.01

1474 2405 1518 2427 ΑΙ)
1540 2405 1738 2427 ΗΕΝΚΙΟΙῙΜ
1761 2406 1809 2427 DE
1832 2392 2053 2436 Mh'RDACH*,
2079 2405 2229 2428 PRIMUM
2251 2405 2414 2428 ABBATEM
2430 2404 2475 2427 DE

1553 2463 1825 2497 VALLE-CLARA,
1856 2464 1990 2488 POSTEA
2019 2464 2068 2486 DE
2098 2464 2300 2499 FONTIBUS,
2333 2463 2475 2487 TANDEM

1569 2523 1893 2547 ARCHIEPISCOPUM
1924 2525 2206 2548 EBORACENSEM.

1471 2639 1588 2678 Jubet‚
1625 2650 1666 2671 ne
1708 2640 1894 2672 electionem
1928 2641 1976 2671 sui
2014 2640 2048 2672 in
2081 2625 2230 2672 abbatem
2263 2640 2302 2672 de
2332 2632 2487 2672 Fontibus'

1908 2693 2033 2726 refutet.

1474 2821 1732 2859 Dilectissimo
1765 2821 1871 2859 fratri
1900 2831 1938 2859 et
1967 2821 2144 2860 coabbati
2177 2835 2246 2859 suo
2276 2824 2472 2865 Hammo,

443 3036 455 3051 ³
473 3034 559 3065 Alias
585 3034 715 3076 epistola
744 3037 804 3065 381
841 3046 848 3066 :
867 3045 943 3076 :111ae
961 3046 1035 3065 vero
1051 3042 1141 3066 antea
1158 3040 1224 3067 320
1238 3043 1324 3075 erat,
1351 3048 1435 3069 nunc
1451 3040 1530 3069 317.
1554 3037 1675 3079 Scripta
1695 3047 1778 3068 anno
1793 3037 1909 3069 Christi
1927 3040 2027 3069 1138.

443 3088 459 3108 b
473 3086 649 3118 Richardus
663 3087 778 3119 scilicet
795 3087 950 3119 secundus
971 3088 1048 3130 (non
1062 3089 1181 3131 primus
1195 3114 1202 3127 ,
1220 3089 1259 3120 ad
1273 3101 1366 3132 quem
1384 3091 1515 3133 epistola
1527 3090 1586 3133 96)
1596 3115 1603 3128 ‚
1624 3096 1766 3121 mortuus
1782 3090 1815 3121 in
1832 3091 2030 3123 Clara-Valle
2047 3101 2130 3122 anno
2151 3093 2162 3122 1
2177 3093 2236 3123 138
2249 3113 2258 3129 ,
2272 3089 2346 3122 maii
2362 3088 2411 3120 die
2427 3089 2478 3121 15.

441 3145 453 3162 0
473 3142 595 3182 Nempe
617 3140 650 3171 in
676 3141 885 3179 romanensi,
918 3147 948 3171 et
976 3141 1006 3171 iu
1036 3141 1135 3173 tribus
1160 3142 1226 3173 aliis
1253 3154 1291 3174 ex
1319 3154 1356 3174 eo
1383 3143 1562 3186 productis,
1593 3143 1737 3175 videlicet
1763 3144 2064 3176 Novo-Monasterio
2090 3143 2235 3187 dioecesis
2255 3138 2472 3177 Carleolensis,

394 3193 621 3226 Kirkenstadio
638 3200 668 3225 et
686 3193 895 3225 Ludae-Parco
911 3194 1149 3226 Lincolniensis.

441 3247 455 3268 ⁴¹
474 3247 559 3279 Alias
587 3246 718 3289 epistola
744 3251 808 3280 382
834 3258 840 3280 :
861 3259 930 3291 quse
950 3259 1022 3280 vcro
1045 3254 1136 3279 antea
1164 3252 1224 3281 321
1246 3257 1311 3282 crat
1326 3274 1333 3289 ‚
1350 3262 1434 3282 nunc
1449 3253 1528 3282 345.
1545 3251 1665 3294 Scripta
1681 3261 1764 3282 anno
1788 3250 1905 3282 Christi
1931 3253 2032 3283 1138.
