<?xml version="1.0" encoding="UTF-8"?>
<!DOCTYPE html PUBLIC "-//W3C//DTD XHTML 1.0 Transitional//EN"
    "http://www.w3.org/TR/xhtml1/DTD/xhtml1-transitional.dtd">
<html xmlns="http://www.w3.org/1999/xhtml" xml:lang="en" lang="en">
 <head>
  <title>
</title>
<meta http-equiv="Content-Type" content="text/html;charset=utf-8" />
  <meta name='ocr-system' content='tesseract 3.04.00' />
  <meta name='ocr-capabilities' content='ocr_page ocr_carea ocr_par ocr_line ocrx_word'/>
</head>
<body>
  <div class='ocr_page' id='page_1' title='image "./operaomniapostho01bernuoft/operaomniapostho01bernuoft_0153.png"; bbox 0 0 2565 3952; ppageno 0'>
   <div class='ocr_carea' id='block_1_1' title="bbox 100 190 169 227">
    <p class='ocr_par' dir='ltr' id='par_1_1' title="bbox 100 190 169 227">
     <span class='ocr_line' id='line_1_1' title="bbox 100 190 169 227; baseline -0.014 0"><span class='ocrx_word' id='word_1_1' title='bbox 100 190 169 227; x_wconf 80' lang='lat'>281</span> 
     </span>
    </p>
   </div>
   <div class='ocr_carea' id='block_1_2' title="bbox 96 386 1118 1049">
    <p class='ocr_par' dir='ltr' id='par_1_2' title="bbox 97 386 1115 802">
     <span class='ocr_line' id='line_1_2' title="bbox 98 386 1114 438; baseline -0.003 -10"><span class='ocrx_word' id='word_1_2' title='bbox 98 386 281 428; x_wconf 70' lang='lat' dir='ltr'>Praevalui</span> <span class='ocrx_word' id='word_1_3' title='bbox 309 387 492 425; x_wconf 76' lang='lat' dir='ltr'>adversus</span> <span class='ocrx_word' id='word_1_4' title='bbox 522 402 623 424; x_wconf 82' lang='lat' dir='ltr'>cum.</span> <span class='ocrx_word' id='word_1_5' title='bbox 650 392 785 438; x_wconf 88' lang='lat' dir='ltr'>Itaque</span> <span class='ocrx_word' id='word_1_6' title='bbox 808 388 1016 437; x_wconf 77' lang='lat' dir='ltr'>aggredere</span> <span class='ocrx_word' id='word_1_7' title='bbox 1037 389 1114 425; x_wconf 87' lang='lat' dir='ltr'>fra-</span> 
     </span>
     <span class='ocr_line' id='line_1_3' title="bbox 98 447 1115 494; baseline -0.001 -7"><span class='ocrx_word' id='word_1_8' title='bbox 98 458 191 487; x_wconf 86' lang='lat' dir='ltr'>trem</span> <span class='ocrx_word' id='word_1_9' title='bbox 222 448 327 485; x_wconf 88' lang='lat' dir='ltr'>omui</span> <span class='ocrx_word' id='word_1_10' title='bbox 355 448 483 484; x_wconf 80' lang='lat' dir='ltr'>officio</span> <span class='ocrx_word' id='word_1_11' title='bbox 512 448 728 494; x_wconf 86' lang='lat' dir='ltr'>charitatis;</span> <span class='ocrx_word' id='word_1_12' title='bbox 761 447 940 486; x_wconf 68' lang='lat' dir='ltr'>videlicet</span> <span class='ocrx_word' id='word_1_13' title='bbox 969 449 1115 486; x_wconf 81' lang='lat' dir='ltr'>beneti-</span> 
     </span>
     <span class='ocr_line' id='line_1_4' title="bbox 98 508 1113 560; baseline -0.001 -12"><span class='ocrx_word' id='word_1_14' title='bbox 98 511 184 557; x_wconf 89' lang='lat' dir='ltr'>ciis,</span> <span class='ocrx_word' id='word_1_15' title='bbox 203 508 432 546; x_wconf 86' lang='lat' dir='ltr'>salutaribus</span> <span class='ocrx_word' id='word_1_16' title='bbox 454 509 628 555; x_wconf 88' lang='lat' dir='ltr'>monitis,</span> <span class='ocrx_word' id='word_1_17' title='bbox 650 509 806 546; x_wconf 86' lang='lat' dir='ltr'>secretis</span> <span class='ocrx_word' id='word_1_18' title='bbox 835 510 1113 560; x_wconf 86' lang='lat' dir='ltr'>increpationi-</span> 
     </span>
     <span class='ocr_line' id='line_1_5' title="bbox 97 569 1114 621; baseline 0 -13"><span class='ocrx_word' id='word_1_19' title='bbox 97 571 181 616; x_wconf 86' lang='lat' dir='ltr'>bus,</span> <span class='ocrx_word' id='word_1_20' title='bbox 207 569 368 621; x_wconf 79' lang='lat' dir='ltr'>publicis</span> <span class='ocrx_word' id='word_1_21' title='bbox 404 569 755 617; x_wconf 80' lang='lat' dir='ltr'>inhortationibus,</span> <span class='ocrx_word' id='word_1_22' title='bbox 790 570 896 607; x_wconf 89' lang='lat' dir='ltr'>duris</span> <span class='ocrx_word' id='word_1_23' title='bbox 928 572 1041 608; x_wconf 88' lang='lat' dir='ltr'>etiam</span> <span class='ocrx_word' id='word_1_24' title='bbox 1077 580 1114 609; x_wconf 89' lang='lat' dir='ltr'>et</span> 
     </span>
     <span class='ocr_line' id='line_1_6' title="bbox 97 629 1114 683; baseline 0.001 -15"><span class='ocrx_word' id='word_1_25' title='bbox 97 630 304 668; x_wconf 90' lang='lat' dir='ltr'>verborum</span> <span class='ocrx_word' id='word_1_26' title='bbox 332 638 369 667; x_wconf 92' lang='lat' dir='ltr'>et</span> <span class='ocrx_word' id='word_1_27' title='bbox 392 629 597 667; x_wconf 80' lang='lat' dir='ltr'>verberum</span> <span class='ocrx_word' id='word_1_28' title='bbox 631 631 970 682; x_wconf 83' lang='lat' dir='ltr'>correptionibus;</span> <span class='ocrx_word' id='word_1_29' title='bbox 991 633 1114 683; x_wconf 90' lang='lat' dir='ltr'>quod-</span> 
     </span>
     <span class='ocr_line' id='line_1_7' title="bbox 97 691 1114 744; baseline 0 -15"><span class='ocrx_word' id='word_1_30' title='bbox 97 705 171 743; x_wconf 85' lang='lat' dir='ltr'>que</span> <span class='ocrx_word' id='word_1_31' title='bbox 199 691 390 728; x_wconf 83' lang='lat' dir='ltr'>efficacius</span> <span class='ocrx_word' id='word_1_32' title='bbox 417 704 499 728; x_wconf 88' lang='lat' dir='ltr'>esse</span> <span class='ocrx_word' id='word_1_33' title='bbox 523 692 639 738; x_wconf 92' lang='lat' dir='ltr'>solet,</span> <span class='ocrx_word' id='word_1_34' title='bbox 658 692 731 729; x_wconf 90' lang='lat' dir='ltr'>tuis</span> <span class='ocrx_word' id='word_1_35' title='bbox 752 692 800 729; x_wconf 86' lang='lat' dir='ltr'>ad</span> <span class='ocrx_word' id='word_1_36' title='bbox 824 696 948 730; x_wconf 90' lang='lat' dir='ltr'>Deum</span> <span class='ocrx_word' id='word_1_37' title='bbox 973 707 1045 744; x_wconf 88' lang='lat' dir='ltr'>pro</span> <span class='ocrx_word' id='word_1_38' title='bbox 1067 707 1114 731; x_wconf 85' lang='lat' dir='ltr'>eo</span> 
     </span>
     <span class='ocr_line' id='line_1_8' title="bbox 98 752 700 802; baseline 0 -12"><span class='ocrx_word' id='word_1_39' title='bbox 98 753 334 802; x_wconf 76' lang='lat' dir='ltr'><strong>fratrumque</strong></span> <span class='ocrx_word' id='word_1_40' title='bbox 355 752 428 802; x_wconf 90' lang='lat' dir='ltr'>piis</span> <span class='ocrx_word' id='word_1_41' title='bbox 447 752 700 790; x_wconf 89' lang='lat' dir='ltr'>orationibus.</span> 
     </span>
    </p>

    <p class='ocr_par' dir='ltr' id='par_1_3' title="bbox 96 812 1118 1049">
     <span class='ocr_line' id='line_1_9' title="bbox 151 812 1116 866; baseline 0.002 -16"><span class='ocrx_word' id='word_1_42' title='bbox 151 814 186 851; x_wconf 84' lang='lat'>2.</span> <span class='ocrx_word' id='word_1_43' title='bbox 216 812 329 862; x_wconf 86' lang='lat' dir='ltr'>Quod</span> <span class='ocrx_word' id='word_1_44' title='bbox 353 813 383 850; x_wconf 92' lang='lat' dir='ltr'>si</span> <span class='ocrx_word' id='word_1_45' title='bbox 398 812 478 863; x_wconf 84' lang='lat' dir='ltr'>jam</span> <span class='ocrx_word' id='word_1_46' title='bbox 497 814 577 851; x_wconf 77' lang='lat' dir='ltr'>haec</span> <span class='ocrx_word' id='word_1_47' title='bbox 596 814 724 852; x_wconf 80' lang='lat' dir='ltr'>onmia</span> <span class='ocrx_word' id='word_1_48' title='bbox 743 814 884 862; x_wconf 87' lang='lat' dir='ltr'>fecisti,</span> <span class='ocrx_word' id='word_1_49' title='bbox 900 829 970 852; x_wconf 92' lang='lat' dir='ltr'>nec</span> <span class='ocrx_word' id='word_1_50' title='bbox 987 816 1116 866; x_wconf 82' lang='lat' dir='ltr'>profe-</span> 
     </span>
     <span class='ocr_line' id='line_1_10' title="bbox 97 873 1115 926; baseline 0.001 -14"><span class='ocrx_word' id='word_1_51' title='bbox 97 874 200 921; x_wconf 87' lang='lat' dir='ltr'>cisti;</span> <span class='ocrx_word' id='word_1_52' title='bbox 221 873 269 910; x_wconf 90' lang='lat' dir='ltr'>ad</span> <span class='ocrx_word' id='word_1_53' title='bbox 288 874 466 924; x_wconf 84' lang='lat' dir='ltr'>Apostoli</span> <span class='ocrx_word' id='word_1_54' title='bbox 487 875 692 912; x_wconf 89' lang='lat' dir='ltr'>consilium</span> <span class='ocrx_word' id='word_1_55' title='bbox 711 876 1014 926; x_wconf 78' lang='lat' dir='ltr'>confugiendum</span> <span class='ocrx_word' id='word_1_56' title='bbox 1038 885 1115 924; x_wconf 83' lang='lat' dir='ltr'>est,</span> 
     </span>
     <span class='ocr_line' id='line_1_11' title="bbox 97 934 1117 984; baseline 0.001 -11"><span class='ocrx_word' id='word_1_57' title='bbox 97 935 256 973; x_wconf 91' lang='lat' dir='ltr'>dicentis</span> <span class='ocrx_word' id='word_1_58' title='bbox 280 949 288 972; x_wconf 91' lang='lat'>:</span> <span class='ocrx_word' id='word_1_59' title='bbox 319 934 474 984; x_wconf 57' lang='lat' dir='ltr'>Aquvrtc’</span> <span class='ocrx_word' id='word_1_60' title='bbox 503 939 644 973; x_wconf 76' lang='lat' dir='ltr'>malum</span> <span class='ocrx_word' id='word_1_61' title='bbox 666 951 715 973; x_wconf 71' lang='lat' dir='ltr'>ex</span> <span class='ocrx_word' id='word_1_62' title='bbox 735 936 842 973; x_wconf 65' lang='lat' dir='ltr'>vobis</span> <span class='ocrx_word' id='word_1_63' title='bbox 860 944 884 974; x_wconf 89' lang='lat'>¹.</span> <span class='ocrx_word' id='word_1_64' title='bbox 910 938 1117 975; x_wconf 86' lang='lat' dir='ltr'>Auferatur</span> 
     </span>
     <span class='ocr_line' id='line_1_12' title="bbox 96 996 1118 1049; baseline 0 -15"><span class='ocrx_word' id='word_1_65' title='bbox 96 1009 186 1047; x_wconf 84' lang='lat' dir='ltr'>ergo</span> <span class='ocrx_word' id='word_1_66' title='bbox 207 996 330 1033; x_wconf 85' lang='lat' dir='ltr'>malus</span> <span class='ocrx_word' id='word_1_67' title='bbox 344 1026 353 1041; x_wconf 88' lang='lat'>,</span> <span class='ocrx_word' id='word_1_68' title='bbox 375 1010 423 1034; x_wconf 91' lang='lat' dir='ltr'>ne</span> <span class='ocrx_word' id='word_1_69' title='bbox 441 998 562 1035; x_wconf 89' lang='lat' dir='ltr'>malos</span> <span class='ocrx_word' id='word_1_70' title='bbox 579 1006 748 1048; x_wconf 78' lang='lat' dir='ltr'><strong>generet.</strong></span> <span class='ocrx_word' id='word_1_71' title='bbox 766 1002 897 1049; x_wconf 68' lang='lat' dir='ltr'>Neque</span> <span class='ocrx_word' id='word_1_72' title='bbox 918 999 1020 1035; x_wconf 89' lang='lat' dir='ltr'>enim</span> <span class='ocrx_word' id='word_1_73' title='bbox 1045 1012 1118 1049; x_wconf 87' lang='lat' dir='ltr'>po-</span> 
     </span>
    </p>
   </div>
   <div class='ocr_carea' id='block_1_3' title="bbox 101 1055 1171 1104">
    <p class='ocr_par' dir='ltr' id='par_1_4' title="bbox 101 1055 1171 1104">
     <span class='ocr_line' id='line_1_13' title="bbox 101 1055 1171 1104; baseline 0.003 -10"><span class='ocrx_word' id='word_1_74' title='bbox 101 1065 177 1095; x_wconf 89' lang='lat' dir='ltr'>test</span> <span class='ocrx_word' id='word_1_75' title='bbox 199 1055 316 1094; x_wconf 91' lang='lat' dir='ltr'>arbor</span> <span class='ocrx_word' id='word_1_76' title='bbox 336 1058 435 1094; x_wconf 88' lang='lat' dir='ltr'>mala</span> <span class='ocrx_word' id='word_1_77' title='bbox 457 1058 625 1104; x_wconf 83' lang='lat' dir='ltr'>fructus,</span> <span class='ocrx_word' id='word_1_78' title='bbox 644 1059 716 1096; x_wconf 92' lang='lat' dir='ltr'>nisi</span> <span class='ocrx_word' id='word_1_79' title='bbox 742 1059 862 1096; x_wconf 89' lang='lat' dir='ltr'>malos</span> <span class='ocrx_word' id='word_1_80' title='bbox 887 1059 1023 1096; x_wconf 81' lang='lat' dir='ltr'>facere.</span> <span class='ocrx_word' id='word_1_81' title='bbox 1042 1064 1123 1097; x_wconf 85' lang='lat' dir='ltr'>Au-</span> <span class='ocrx_word' id='word_1_82' title='bbox 1143 1065 1171 1099; x_wconf 90' lang='lat' dir='ltr'>B</span> 
     </span>
    </p>
   </div>
   <div class='ocr_carea' id='block_1_4' title="bbox 45 1117 1118 2511">
    <p class='ocr_par' dir='ltr' id='par_1_5' title="bbox 45 1117 1118 2511">
     <span class='ocr_line' id='line_1_14' title="bbox 95 1117 1116 1171; baseline 0.003 -17"><span class='ocrx_word' id='word_1_83' title='bbox 95 1117 240 1155; x_wconf 88' lang='lat' dir='ltr'>feratur</span> <span class='ocrx_word' id='word_1_84' title='bbox 254 1126 381 1155; x_wconf 91' lang='lat' dir='ltr'>autem</span> <span class='ocrx_word' id='word_1_85' title='bbox 401 1118 502 1163; x_wconf 90' lang='lat' dir='ltr'>dico,</span> <span class='ocrx_word' id='word_1_86' title='bbox 525 1119 591 1156; x_wconf 90' lang='lat' dir='ltr'>sed</span> <span class='ocrx_word' id='word_1_87' title='bbox 608 1133 687 1157; x_wconf 93' lang='lat' dir='ltr'>non</span> <span class='ocrx_word' id='word_1_88' title='bbox 705 1120 904 1170; x_wconf 90' lang='lat' dir='ltr'>quomodo</span> <span class='ocrx_word' id='word_1_89' title='bbox 919 1121 1000 1171; x_wconf 88' lang='lat' dir='ltr'>ipse</span> <span class='ocrx_word' id='word_1_90' title='bbox 1014 1121 1116 1169; x_wconf 67' lang='lat' dir='ltr'>vult3</span> 
     </span>
     <span class='ocr_line' id='line_1_15' title="bbox 93 1177 1117 1229; baseline 0.005 -15"><span class='ocrx_word' id='word_1_91' title='bbox 93 1186 137 1215; x_wconf 89' lang='lat' dir='ltr'>ut</span> <span class='ocrx_word' id='word_1_92' title='bbox 154 1177 337 1215; x_wconf 83' lang='lat' dir='ltr'>videlicet</span> <span class='ocrx_word' id='word_1_93' title='bbox 359 1187 542 1229; x_wconf 79' lang='lat' dir='ltr'>tanquam</span> <span class='ocrx_word' id='word_1_94' title='bbox 565 1194 613 1217; x_wconf 83' lang='lat' dir='ltr'>ex</span> <span class='ocrx_word' id='word_1_95' title='bbox 631 1189 693 1217; x_wconf 88' lang='lat' dir='ltr'>tua</span> <span class='ocrx_word' id='word_1_96' title='bbox 713 1181 886 1227; x_wconf 86' lang='lat' dir='ltr'>licentia,</span> <span class='ocrx_word' id='word_1_97' title='bbox 909 1195 995 1219; x_wconf 91' lang='lat' dir='ltr'>cum</span> <span class='ocrx_word' id='word_1_98' title='bbox 1018 1182 1117 1219; x_wconf 88' lang='lat' dir='ltr'>male</span> 
     </span>
     <span class='ocr_line' id='line_1_16' title="bbox 94 1240 1117 1292; baseline 0.004 -17"><span class='ocrx_word' id='word_1_99' title='bbox 94 1251 229 1276; x_wconf 85' lang='lat' dir='ltr'>secura</span> <span class='ocrx_word' id='word_1_100' title='bbox 253 1240 487 1277; x_wconf 86' lang='lat' dir='ltr'>conscientia</span> <span class='ocrx_word' id='word_1_101' title='bbox 511 1249 619 1277; x_wconf 80' lang='lat' dir='ltr'>extra</span> <span class='ocrx_word' id='word_1_102' title='bbox 640 1241 1002 1292; x_wconf 70' lang='lat' dir='ltr'>congregationem,</span> <span class='ocrx_word' id='word_1_103' title='bbox 1020 1256 1117 1279; x_wconf 92' lang='lat' dir='ltr'>con-</span> 
     </span>
     <span class='ocr_line' id='line_1_17' title="bbox 95 1301 1117 1352; baseline 0.004 -16"><span class='ocrx_word' id='word_1_104' title='bbox 95 1309 153 1337; x_wconf 88' lang='lat' dir='ltr'>tra</span> <span class='ocrx_word' id='word_1_105' title='bbox 183 1301 489 1351; x_wconf 75' lang='lat' dir='ltr'>professionem,</span> <span class='ocrx_word' id='word_1_106' title='bbox 523 1302 697 1339; x_wconf 76' lang='lat' dir='ltr'>devitans</span> <span class='ocrx_word' id='word_1_107' title='bbox 726 1302 1029 1352; x_wconf 82' lang='lat' dir='ltr'>subjectionem,</span> <span class='ocrx_word' id='word_1_108' title='bbox 1059 1304 1117 1341; x_wconf 85' lang='lat' dir='ltr'>sui</span> 
     </span>
     <span class='ocr_line' id='line_1_18' title="bbox 90 1359 1116 1414; baseline 0.004 -16"><span class='ocrx_word' id='word_1_109' title='bbox 90 1359 189 1411; x_wconf 87' lang='lat' dir='ltr'>juris</span> <span class='ocrx_word' id='word_1_110' title='bbox 218 1375 318 1408; x_wconf 82' lang='lat' dir='ltr'>esse,</span> <span class='ocrx_word' id='word_1_111' title='bbox 344 1375 412 1399; x_wconf 88' lang='lat' dir='ltr'>sua</span> <span class='ocrx_word' id='word_1_112' title='bbox 440 1363 690 1412; x_wconf 74' lang='lat' dir='ltr'>permittatur</span> <span class='ocrx_word' id='word_1_113' title='bbox 719 1364 850 1401; x_wconf 69' lang='lat' dir='ltr'>vivere</span> <span class='ocrx_word' id='word_1_114' title='bbox 878 1365 987 1414; x_wconf 73' lang='lat' dir='ltr'>legea</span> <span class='ocrx_word' id='word_1_115' title='bbox 1013 1380 1020 1401; x_wconf 93' lang='lat'>:</span> <span class='ocrx_word' id='word_1_116' title='bbox 1050 1365 1116 1402; x_wconf 89' lang='lat' dir='ltr'>sed</span> 
     </span>
     <span class='ocr_line' id='line_1_19' title="bbox 94 1421 1116 1475; baseline 0.003 -16"><span class='ocrx_word' id='word_1_117' title='bbox 94 1421 362 1470; x_wconf 86' lang='lat' dir='ltr'>abscindatur,</span> <span class='ocrx_word' id='word_1_118' title='bbox 386 1431 429 1459; x_wconf 90' lang='lat' dir='ltr'>ut</span> <span class='ocrx_word' id='word_1_119' title='bbox 457 1422 540 1459; x_wconf 81' lang='lat' dir='ltr'>ovis</span> <span class='ocrx_word' id='word_1_120' title='bbox 566 1422 744 1460; x_wconf 86' lang='lat' dir='ltr'>morbida</span> <span class='ocrx_word' id='word_1_121' title='bbox 771 1437 792 1461; x_wconf 90' lang='lat' dir='ltr'>a</span> <span class='ocrx_word' id='word_1_122' title='bbox 819 1438 955 1474; x_wconf 76' lang='lat' dir='ltr'>grege,</span> <span class='ocrx_word' id='word_1_123' title='bbox 975 1433 1017 1462; x_wconf 90' lang='lat' dir='ltr'>ut</span> <span class='ocrx_word' id='word_1_124' title='bbox 1038 1439 1116 1475; x_wconf 87' lang='lat' dir='ltr'>pu-</span> 
     </span>
     <span class='ocr_line' id='line_1_20' title="bbox 95 1482 1118 1535; baseline 0.003 -15"><span class='ocrx_word' id='word_1_125' title='bbox 95 1482 236 1520; x_wconf 86' lang='lat' dir='ltr'>tridum</span> <span class='ocrx_word' id='word_1_126' title='bbox 257 1482 474 1520; x_wconf 87' lang='lat' dir='ltr'>membrum</span> <span class='ocrx_word' id='word_1_127' title='bbox 498 1497 519 1520; x_wconf 85' lang='lat' dir='ltr'>a</span> <span class='ocrx_word' id='word_1_128' title='bbox 535 1498 723 1534; x_wconf 85' lang='lat' dir='ltr'>corpore;</span> <span class='ocrx_word' id='word_1_129' title='bbox 743 1485 810 1535; x_wconf 84' lang='lat' dir='ltr'>qui</span> <span class='ocrx_word' id='word_1_130' title='bbox 823 1484 902 1535; x_wconf 89' lang='lat' dir='ltr'>jam</span> <span class='ocrx_word' id='word_1_131' title='bbox 922 1486 1062 1523; x_wconf 79' lang='lat' dir='ltr'>exinde</span> <span class='ocrx_word' id='word_1_132' title='bbox 1079 1500 1118 1524; x_wconf 90' lang='lat' dir='ltr'>se</span> 
     </span>
     <span class='ocr_line' id='line_1_21' title="bbox 94 1538 1114 1596; baseline 0.005 -16"><span class='ocrx_word' id='word_1_133' title='bbox 94 1557 164 1594; x_wconf 87' lang='lat' dir='ltr'>pro</span> <span class='ocrx_word' id='word_1_134' title='bbox 181 1538 286 1581; x_wconf 83' lang='lat' dir='ltr'>certo</span> <span class='ocrx_word' id='word_1_135' title='bbox 308 1544 459 1581; x_wconf 87' lang='lat' dir='ltr'>noverit</span> <span class='ocrx_word' id='word_1_136' title='bbox 477 1558 498 1581; x_wconf 90' lang='lat' dir='ltr'>a</span> <span class='ocrx_word' id='word_1_137' title='bbox 513 1553 548 1582; x_wconf 86' lang='lat' dir='ltr'>te</span> <span class='ocrx_word' id='word_1_138' title='bbox 564 1544 697 1583; x_wconf 85' lang='lat' dir='ltr'>haberi</span> <span class='ocrx_word' id='word_1_139' title='bbox 717 1554 898 1596; x_wconf 84' lang='lat' dir='ltr'>tanquam</span> <span class='ocrx_word' id='word_1_140' title='bbox 916 1547 1114 1585; x_wconf 85' lang='lat' dir='ltr'>ethnicum</span> 
     </span>
     <span class='ocr_line' id='line_1_22' title="bbox 93 1603 1115 1655; baseline 0.005 -14"><span class='ocrx_word' id='word_1_141' title='bbox 93 1613 131 1642; x_wconf 89' lang='lat' dir='ltr'>et</span> <span class='ocrx_word' id='word_1_142' title='bbox 155 1603 420 1655; x_wconf 88' lang='lat' dir='ltr'>publicanum.</span> <span class='ocrx_word' id='word_1_143' title='bbox 443 1608 491 1642; x_wconf 90' lang='lat' dir='ltr'>Et</span> <span class='ocrx_word' id='word_1_144' title='bbox 515 1618 563 1642; x_wconf 89' lang='lat' dir='ltr'>ne</span> <span class='ocrx_word' id='word_1_145' title='bbox 586 1606 721 1644; x_wconf 87' lang='lat' dir='ltr'>timeas</span> <span class='ocrx_word' id='word_1_146' title='bbox 739 1620 821 1644; x_wconf 89' lang='lat' dir='ltr'>csse</span> <span class='ocrx_word' id='word_1_147' title='bbox 838 1617 974 1645; x_wconf 88' lang='lat' dir='ltr'>contra</span> <span class='ocrx_word' id='word_1_148' title='bbox 990 1609 1115 1646; x_wconf 85' lang='lat' dir='ltr'>chari-</span> 
     </span>
     <span class='ocr_line' id='line_1_23' title="bbox 95 1664 1117 1712; baseline 0.005 -10"><span class='ocrx_word' id='word_1_149' title='bbox 95 1673 230 1712; x_wconf 89' lang='lat' dir='ltr'>tatem,</span> <span class='ocrx_word' id='word_1_150' title='bbox 253 1665 284 1703; x_wconf 91' lang='lat' dir='ltr'>si</span> <span class='ocrx_word' id='word_1_151' title='bbox 314 1666 428 1703; x_wconf 91' lang='lat' dir='ltr'>unius</span> <span class='ocrx_word' id='word_1_152' title='bbox 443 1664 461 1689; x_wconf 80' lang='lat'>1&gt;</span> <span class='ocrx_word' id='word_1_153' title='bbox 483 1666 705 1704; x_wconf 88' lang='lat' dir='ltr'>scandalum</span> <span class='ocrx_word' id='word_1_154' title='bbox 733 1669 945 1706; x_wconf 89' lang='lat' dir='ltr'>multorum</span> <span class='ocrx_word' id='word_1_155' title='bbox 971 1683 1117 1707; x_wconf 91' lang='lat' dir='ltr'>recom-</span> 
     </span>
     <span class='ocr_line' id='line_1_24' title="bbox 95 1726 1114 1780; baseline 0.007 -18"><span class='ocrx_word' id='word_1_156' title='bbox 95 1726 314 1777; x_wconf 82' lang='lat' dir='ltr'>pensaveris</span> <span class='ocrx_word' id='word_1_157' title='bbox 335 1740 428 1777; x_wconf 87' lang='lat' dir='ltr'>pace</span> <span class='ocrx_word' id='word_1_158' title='bbox 451 1740 460 1764; x_wconf 76' lang='lat' dir='ltr'>t</span> <span class='ocrx_word' id='word_1_159' title='bbox 483 1727 629 1778; x_wconf 88' lang='lat' dir='ltr'>quippe</span> <span class='ocrx_word' id='word_1_160' title='bbox 649 1729 715 1778; x_wconf 90' lang='lat' dir='ltr'>qui</span> <span class='ocrx_word' id='word_1_161' title='bbox 735 1743 802 1766; x_wconf 90' lang='lat' dir='ltr'>sua</span> <span class='ocrx_word' id='word_1_162' title='bbox 825 1730 924 1768; x_wconf 87' lang='lat' dir='ltr'>forte</span> <span class='ocrx_word' id='word_1_163' title='bbox 945 1732 1090 1768; x_wconf 88' lang='lat' dir='ltr'>malitia</span> <span class='ocrx_word' id='word_1_164' title='bbox 1105 1762 1114 1780; x_wconf 96' lang='lat'>,</span> 
     </span>
     <span class='ocr_line' id='line_1_25' title="bbox 95 1787 1117 1842; baseline 0.006 -18"><span class='ocrx_word' id='word_1_165' title='bbox 95 1787 254 1824; x_wconf 84' lang='lat' dir='ltr'>fratrum</span> <span class='ocrx_word' id='word_1_166' title='bbox 284 1787 589 1826; x_wconf 86' lang='lat' dir='ltr'>cohabitantium</span> <span class='ocrx_word' id='word_1_167' title='bbox 628 1789 786 1828; x_wconf 87' lang='lat' dir='ltr'>turbare</span> <span class='ocrx_word' id='word_1_168' title='bbox 814 1792 922 1828; x_wconf 84' lang='lat' dir='ltr'>facile</span> <span class='ocrx_word' id='word_1_169' title='bbox 963 1801 1117 1842; x_wconf 90' lang='lat' dir='ltr'>poterat</span> 
     </span>
     <span class='ocr_line' id='line_1_26' title="bbox 95 1848 1116 1891; baseline 0.007 -7"><span class='ocrx_word' id='word_1_170' title='bbox 95 1848 398 1889; x_wconf 83' lang='lat' dir='ltr'>unanimitatem.</span> <span class='ocrx_word' id='word_1_171' title='bbox 417 1850 651 1888; x_wconf 88' lang='lat' dir='ltr'>Consoletur</span> <span class='ocrx_word' id='word_1_172' title='bbox 666 1859 702 1888; x_wconf 88' lang='lat' dir='ltr'>te</span> <span class='ocrx_word' id='word_1_173' title='bbox 719 1851 782 1889; x_wconf 87' lang='lat' dir='ltr'>illa</span> <span class='ocrx_word' id='word_1_174' title='bbox 798 1853 1015 1891; x_wconf 89' lang='lat' dir='ltr'>Salomonis</span> <span class='ocrx_word' id='word_1_175' title='bbox 1032 1868 1116 1891; x_wconf 91' lang='lat' dir='ltr'>sen-</span> 
     </span>
     <span class='ocr_line' id='line_1_27' title="bbox 96 1909 1117 1964; baseline 0.007 -19"><span class='ocrx_word' id='word_1_176' title='bbox 96 1909 235 1957; x_wconf 84' lang='lat' dir='ltr'>tentia,</span> <span class='ocrx_word' id='word_1_177' title='bbox 257 1912 377 1957; x_wconf 78' lang='lat' dir='ltr'>Quem</span> <span class='ocrx_word' id='word_1_178' title='bbox 406 1914 509 1947; x_wconf 74' lang='lat' dir='ltr'>Deus</span> <span class='ocrx_word' id='word_1_179' title='bbox 529 1914 700 1961; x_wconf 71' lang='lat' dir='ltr'>negligit,</span> <span class='ocrx_word' id='word_1_180' title='bbox 724 1927 833 1950; x_wconf 77' lang='lat' dir='ltr'>nemo</span> <span class='ocrx_word' id='word_1_181' title='bbox 847 1924 976 1964; x_wconf 81' lang='lat' dir='ltr'>potest</span> <span class='ocrx_word' id='word_1_182' title='bbox 1001 1921 1117 1952; x_wconf 77' lang='lat' dir='ltr'>corri-</span> 
     </span>
     <span class='ocr_line' id='line_1_28' title="bbox 91 1971 1113 2026; baseline 0.007 -19"><span class='ocrx_word' id='word_1_183' title='bbox 91 1984 179 2020; x_wconf 81' lang='lat' dir='ltr'>gere</span> <span class='ocrx_word' id='word_1_184' title='bbox 194 1977 207 1992; x_wconf 89' lang='lat'><strong>²</strong></span> <span class='ocrx_word' id='word_1_185' title='bbox 226 1986 235 2009; x_wconf 89' lang='lat'><strong>:</strong></span> <span class='ocrx_word' id='word_1_186' title='bbox 253 1979 291 2008; x_wconf 90' lang='lat' dir='ltr'>et</span> <span class='ocrx_word' id='word_1_187' title='bbox 305 1971 369 2009; x_wconf 82' lang='lat' dir='ltr'>illa</span> <span class='ocrx_word' id='word_1_188' title='bbox 387 1973 606 2020; x_wconf 86' lang='lat' dir='ltr'>Salvatoris,</span> <span class='ocrx_word' id='word_1_189' title='bbox 630 1975 764 2011; x_wconf 76' lang='lat' dir='ltr'>Omnis</span> <span class='ocrx_word' id='word_1_190' title='bbox 777 1978 986 2024; x_wconf 67' lang='lat' dir='ltr'>plantatis),</span> <span class='ocrx_word' id='word_1_191' title='bbox 1001 1992 1113 2026; x_wconf 74' lang='lat' dir='ltr'>quam</span> 
     </span>
     <span class='ocr_line' id='line_1_29' title="bbox 95 2035 1114 2081; baseline 0.008 -13"><span class='ocrx_word' id='word_1_192' title='bbox 95 2046 167 2068; x_wconf 80' lang='lat' dir='ltr'>non</span> <span class='ocrx_word' id='word_1_193' title='bbox 183 2035 370 2081; x_wconf 77' lang='lat' dir='ltr'>plantavit</span> <span class='ocrx_word' id='word_1_194' title='bbox 389 2035 510 2070; x_wconf 77' lang='lat' dir='ltr'>Pater</span> <span class='ocrx_word' id='word_1_195' title='bbox 528 2048 644 2078; x_wconf 80' lang='lat' dir='ltr'>meus,</span> <span class='ocrx_word' id='word_1_196' title='bbox 666 2036 951 2073; x_wconf 70' lang='lat' dir='ltr'>eradicabitur3</span> <span class='ocrx_word' id='word_1_197' title='bbox 973 2053 980 2075; x_wconf 89' lang='lat'>:</span> <span class='ocrx_word' id='word_1_198' title='bbox 999 2047 1035 2075; x_wconf 88' lang='lat' dir='ltr'>et</span> <span class='ocrx_word' id='word_1_199' title='bbox 1050 2039 1114 2076; x_wconf 83' lang='lat' dir='ltr'>illa</span> 
     </span>
     <span class='ocr_line' id='line_1_30' title="bbox 45 2093 1114 2146; baseline 0.006 -16"><span class='ocrx_word' id='word_1_200' title='bbox 45 2127 51 2130; x_wconf 88' lang='lat'>.</span> <span class='ocrx_word' id='word_1_201' title='bbox 94 2093 193 2131; x_wconf 87' lang='lat' dir='ltr'>beati</span> <span class='ocrx_word' id='word_1_202' title='bbox 209 2095 370 2132; x_wconf 85' lang='lat' dir='ltr'>Joannis</span> <span class='ocrx_word' id='word_1_203' title='bbox 386 2096 629 2145; x_wconf 75' lang='lat' dir='ltr'>evangelistae</span> <span class='ocrx_word' id='word_1_204' title='bbox 648 2096 695 2133; x_wconf 90' lang='lat' dir='ltr'>de</span> <span class='ocrx_word' id='word_1_205' title='bbox 710 2098 958 2136; x_wconf 85' lang='lat' dir='ltr'>schismaticis</span> <span class='ocrx_word' id='word_1_206' title='bbox 972 2130 980 2146; x_wconf 91' lang='lat'>,</span> <span class='ocrx_word' id='word_1_207' title='bbox 1000 2102 1034 2135; x_wconf 77' lang='lat' dir='ltr'>A</span> <span class='ocrx_word' id='word_1_208' title='bbox 1049 2115 1114 2136; x_wconf 77' lang='grc' dir='ltr'>ηο-</span> 
     </span>
     <span class='ocr_line' id='line_1_31' title="bbox 95 2153 1114 2201; baseline 0.006 -10"><span class='ocrx_word' id='word_1_209' title='bbox 95 2153 150 2191; x_wconf 79' lang='lat' dir='ltr'>bis</span> <span class='ocrx_word' id='word_1_210' title='bbox 168 2160 355 2201; x_wconf 66' lang='lat' dir='ltr'>exserunt,</span> <span class='ocrx_word' id='word_1_211' title='bbox 373 2158 442 2191; x_wconf 73' lang='lat' dir='ltr'>secl</span> <span class='ocrx_word' id='word_1_212' title='bbox 455 2170 530 2191; x_wconf 80' lang='lat' dir='ltr'>non</span> <span class='ocrx_word' id='word_1_213' title='bbox 549 2166 657 2192; x_wconf 74' lang='lat' dir='ltr'>erant</span> <span class='ocrx_word' id='word_1_214' title='bbox 672 2171 722 2193; x_wconf 75' lang='lat' dir='ltr'>ex</span> <span class='ocrx_word' id='word_1_215' title='bbox 739 2158 844 2194; x_wconf 75' lang='lat' dir='ltr'>nobis</span> <span class='ocrx_word' id='word_1_216' title='bbox 858 2160 872 2186; x_wconf 80' lang='lat'>⁴&#39;</span> <span class='ocrx_word' id='word_1_217' title='bbox 892 2174 899 2196; x_wconf 90' lang='lat'><strong>:</strong></span> <span class='ocrx_word' id='word_1_218' title='bbox 922 2168 959 2197; x_wconf 88' lang='lat' dir='ltr'>et</span> <span class='ocrx_word' id='word_1_219' title='bbox 980 2173 1114 2197; x_wconf 89' lang='lat' dir='ltr'>rursus</span> 
     </span>
     <span class='ocr_line' id='line_1_32' title="bbox 94 2214 1114 2266; baseline 0.006 -15"><span class='ocrx_word' id='word_1_220' title='bbox 94 2214 195 2265; x_wconf 83' lang='lat' dir='ltr'>apud</span> <span class='ocrx_word' id='word_1_221' title='bbox 222 2216 480 2266; x_wconf 84' lang='lat' dir='ltr'>Apostolum,</span> <span class='ocrx_word' id='word_1_222' title='bbox 510 2218 683 2264; x_wconf 76' lang='lat' dir='ltr'>Infidelis</span> <span class='ocrx_word' id='word_1_223' title='bbox 719 2223 752 2254; x_wconf 75' lang='lat' dir='ltr'>si</span> <span class='ocrx_word' id='word_1_224' title='bbox 781 2221 969 2265; x_wconf 65' lang='lat' dir='ltr'>discedit,</span> <span class='ocrx_word' id='word_1_225' title='bbox 998 2223 1114 2257; x_wconf 77' lang='lat' dir='ltr'>(lisce-</span> 
     </span>
     <span class='ocr_line' id='line_1_33' title="bbox 95 2274 1114 2332; baseline 0.007 -20"><span class='ocrx_word' id='word_1_226' title='bbox 95 2278 161 2312; x_wconf 77' lang='lat' dir='ltr'>dat</span> <span class='ocrx_word' id='word_1_227' title='bbox 175 2274 201 2313; x_wconf 89' lang='lat'>⁵.</span> <span class='ocrx_word' id='word_1_228' title='bbox 222 2277 406 2327; x_wconf 90' lang='lat' dir='ltr'>Alioquin</span> <span class='ocrx_word' id='word_1_229' title='bbox 432 2290 510 2314; x_wconf 92' lang='lat' dir='ltr'>non</span> <span class='ocrx_word' id='word_1_230' title='bbox 540 2287 597 2314; x_wconf 90' lang='lat' dir='ltr'>est</span> <span class='ocrx_word' id='word_1_231' title='bbox 617 2279 872 2329; x_wconf 87' lang='lat' dir='ltr'>relinquenda</span> <span class='ocrx_word' id='word_1_232' title='bbox 894 2282 1003 2331; x_wconf 73' lang='lat' dir='ltr'>virga</span> <span class='ocrx_word' id='word_1_233' title='bbox 1021 2295 1114 2332; x_wconf 83' lang='lat' dir='ltr'>pec-</span> 
     </span>
     <span class='ocr_line' id='line_1_34' title="bbox 95 2338 1114 2389; baseline 0.007 -17"><span class='ocrx_word' id='word_1_234' title='bbox 95 2344 265 2373; x_wconf 91' lang='lat' dir='ltr'>catorum</span> <span class='ocrx_word' id='word_1_235' title='bbox 298 2350 416 2387; x_wconf 84' lang='lat' dir='ltr'>super</span> <span class='ocrx_word' id='word_1_236' title='bbox 446 2346 589 2375; x_wconf 88' lang='lat' dir='ltr'>sortem</span> <span class='ocrx_word' id='word_1_237' title='bbox 621 2338 841 2389; x_wconf 85' lang='lat' dir='ltr'>justorum,</span> <span class='ocrx_word' id='word_1_238' title='bbox 872 2350 914 2378; x_wconf 88' lang='lat' dir='ltr'>ut</span> <span class='ocrx_word' id='word_1_239' title='bbox 944 2355 1022 2379; x_wconf 91' lang='lat' dir='ltr'>non</span> <span class='ocrx_word' id='word_1_240' title='bbox 1046 2355 1114 2378; x_wconf 81' lang='lat' dir='ltr'>ex-</span> 
     </span>
     <span class='ocr_line' id='line_1_35' title="bbox 95 2396 1114 2448; baseline 0.008 -16"><span class='ocrx_word' id='word_1_241' title='bbox 95 2396 252 2433; x_wconf 87' lang='lat' dir='ltr'>tendant</span> <span class='ocrx_word' id='word_1_242' title='bbox 264 2396 358 2447; x_wconf 88' lang='lat' dir='ltr'>justi</span> <span class='ocrx_word' id='word_1_243' title='bbox 376 2397 424 2434; x_wconf 91' lang='lat' dir='ltr'>ad</span> <span class='ocrx_word' id='word_1_244' title='bbox 442 2398 685 2448; x_wconf 88' lang='lat' dir='ltr'>iniquitatem</span> <span class='ocrx_word' id='word_1_245' title='bbox 709 2414 843 2439; x_wconf 88' lang='lat' dir='ltr'>manus</span> <span class='ocrx_word' id='word_1_246' title='bbox 860 2415 958 2440; x_wconf 87' lang='lat' dir='ltr'>suas.</span> <span class='ocrx_word' id='word_1_247' title='bbox 975 2402 1114 2440; x_wconf 86' lang='lat' dir='ltr'>Melius</span> 
     </span>
     <span class='ocr_line' id='line_1_36' title="bbox 95 2457 961 2511; baseline 0.009 -17"><span class='ocrx_word' id='word_1_248' title='bbox 95 2465 150 2494; x_wconf 88' lang='lat' dir='ltr'>est</span> <span class='ocrx_word' id='word_1_249' title='bbox 169 2457 269 2495; x_wconf 90' lang='lat' dir='ltr'>enim</span> <span class='ocrx_word' id='word_1_250' title='bbox 293 2466 336 2496; x_wconf 93' lang='lat' dir='ltr'>ut</span> <span class='ocrx_word' id='word_1_251' title='bbox 355 2467 488 2509; x_wconf 89' lang='lat' dir='ltr'>pereat</span> <span class='ocrx_word' id='word_1_252' title='bbox 507 2472 610 2497; x_wconf 91' lang='lat' dir='ltr'>unus</span> <span class='ocrx_word' id='word_1_253' title='bbox 623 2489 633 2507; x_wconf 90' lang='lat'>,</span> <span class='ocrx_word' id='word_1_254' title='bbox 656 2475 773 2511; x_wconf 89' lang='lat' dir='ltr'>quam</span> <span class='ocrx_word' id='word_1_255' title='bbox 794 2464 961 2501; x_wconf 78' lang='lat' dir='ltr'>unitas*.</span> 
     </span>
    </p>
   </div>
   <div class='ocr_carea' id='block_1_5' title="bbox 1021 190 1287 227">
    <p class='ocr_par' dir='ltr' id='par_1_6' title="bbox 1021 190 1287 227">
     <span class='ocr_line' id='line_1_37' title="bbox 1021 190 1287 227; baseline 0.008 -2"><span class='ocrx_word' id='word_1_256' title='bbox 1021 190 1287 227; x_wconf 84' lang='lat' dir='ltr'>EPISTOLAE.</span> 
     </span>
    </p>
   </div>
   <div class='ocr_carea' id='block_1_6' title="bbox 99 264 1380 380">
    <p class='ocr_par' dir='ltr' id='par_1_7' title="bbox 99 264 1380 380">
     <span class='ocr_line' id='line_1_38' title="bbox 99 264 1157 311; baseline -0.002 -6"><span class='ocrx_word' id='word_1_257' title='bbox 99 271 177 306; x_wconf 86' lang='lat' dir='ltr'>tum</span> <span class='ocrx_word' id='word_1_258' title='bbox 195 268 233 304; x_wconf 91' lang='lat' dir='ltr'>in</span> <span class='ocrx_word' id='word_1_259' title='bbox 252 274 288 303; x_wconf 91' lang='lat' dir='ltr'>te</span> <span class='ocrx_word' id='word_1_260' title='bbox 308 273 386 311; x_wconf 88' lang='lat' dir='ltr'>est,</span> <span class='ocrx_word' id='word_1_261' title='bbox 408 264 664 303; x_wconf 87' lang='lat' dir='ltr'>resistendum</span> <span class='ocrx_word' id='word_1_262' title='bbox 681 273 760 311; x_wconf 85' lang='lat' dir='ltr'>est,</span> <span class='ocrx_word' id='word_1_263' title='bbox 782 278 829 302; x_wconf 91' lang='lat' dir='ltr'>ne</span> <span class='ocrx_word' id='word_1_264' title='bbox 847 264 894 301; x_wconf 86' lang='lat' dir='ltr'>de</span> <span class='ocrx_word' id='word_1_265' title='bbox 912 279 1030 303; x_wconf 88' lang='lat' dir='ltr'>manu</span> <span class='ocrx_word' id='word_1_266' title='bbox 1049 274 1114 303; x_wconf 90' lang='lat' dir='ltr'>tua</span> <span class='ocrx_word' id='word_1_267' title='bbox 1128 265 1157 282; x_wconf 87' lang='lat'>&#39;⁰</span> 
     </span>
     <span class='ocr_line' id='line_1_39' title="bbox 99 326 1380 380; baseline -0.002 -14"><span class='ocrx_word' id='word_1_268' title='bbox 99 329 216 380; x_wconf 88' lang='lat' dir='ltr'>possit</span> <span class='ocrx_word' id='word_1_269' title='bbox 245 340 328 364; x_wconf 88' lang='lat' dir='ltr'>eam</span> <span class='ocrx_word' id='word_1_270' title='bbox 356 340 514 372; x_wconf 86' lang='lat' dir='ltr'>eruere,</span> <span class='ocrx_word' id='word_1_271' title='bbox 538 341 586 363; x_wconf 90' lang='lat' dir='ltr'>ne</span> <span class='ocrx_word' id='word_1_272' title='bbox 614 326 771 377; x_wconf 89' lang='lat' dir='ltr'>quando</span> <span class='ocrx_word' id='word_1_273' title='bbox 792 326 893 364; x_wconf 88' lang='lat' dir='ltr'>dicat</span> <span class='ocrx_word' id='word_1_274' title='bbox 909 327 1110 374; x_wconf 83' lang='lat' dir='ltr'>inimicus,</span> <span class='ocrx_word' id='word_1_275' title='bbox 1132 327 1160 360; x_wconf 84' lang='lat' dir='ltr'>A</span> <span class='ocrx_word' id='word_1_276' title='bbox 1180 360 1380 368; x_wconf 58' lang='lat' dir='ltr'>mmmm„</span> 
     </span>
    </p>
   </div>
   <div class='ocr_carea' id='block_1_7' title="bbox 2131 202 2205 240">
    <p class='ocr_par' dir='ltr' id='par_1_8' title="bbox 2131 202 2205 240">
     <span class='ocr_line' id='line_1_40' title="bbox 2131 202 2152 239; textangle 90"><span class='ocrx_word' id='word_1_277' title='bbox 2131 202 2152 239; x_wconf 57' lang='grc' dir='ltr'>ΙΨ</span> 
     </span>
     <span class='ocr_line' id='line_1_41' title="bbox 2156 203 2177 238; textangle 90"><span class='ocrx_word' id='word_1_278' title='bbox 2156 203 2177 238; x_wconf 60' lang='grc' dir='ltr'><strong>ω</strong></span> 
     </span>
     <span class='ocr_line' id='line_1_42' title="bbox 2183 203 2205 240; textangle 90"><span class='ocrx_word' id='word_1_279' title='bbox 2183 203 2205 240; x_wconf 54' lang='lat' dir='ltr'>tx&#39;)</span> 
     </span>
    </p>
   </div>
   <div class='ocr_carea' id='block_1_8' title="bbox 1387 359 2202 379">
    <p class='ocr_par' dir='ltr' id='par_1_9' title="bbox 1387 359 2202 379">
     <span class='ocr_line' id='line_1_43' title="bbox 1387 359 2202 379; baseline 0.012 -10"><span class='ocrx_word' id='word_1_280' title='bbox 1387 359 1940 374; x_wconf 54' lang='lat' dir='ltr'>==v=m=v=xw=nxxmxnnnx=====22==v=======</span> <span class='ocrx_word' id='word_1_281' title='bbox 1974 365 2131 377; x_wconf 51' lang='lat' dir='ltr'>nnsss=tsxxx</span> <span class='ocrx_word' id='word_1_282' title='bbox 2149 371 2202 379; x_wconf 47' lang='grc' dir='ltr'>ιιι-</span> 
     </span>
    </p>
   </div>
   <div class='ocr_carea' id='block_1_9' title="bbox 1383 456 1980 515">
    <p class='ocr_par' dir='ltr' id='par_1_10' title="bbox 1383 456 1980 515">
     <span class='ocr_line' id='line_1_44' title="bbox 1383 456 1980 515; baseline 0.01 -6"><span class='ocrx_word' id='word_1_283' title='bbox 1383 456 1759 513; x_wconf 84' lang='lat' dir='ltr'>EPISTOLA</span> <span class='ocrx_word' id='word_1_284' title='bbox 1823 458 1980 515; x_wconf 84' lang='lat' dir='ltr'>CIII.</span> 
     </span>
    </p>
   </div>
   <div class='ocr_carea' id='block_1_10' title="bbox 1264 605 2120 690">
    <p class='ocr_par' dir='ltr' id='par_1_11' title="bbox 1264 605 2120 690">
     <span class='ocr_line' id='line_1_45' title="bbox 1264 605 2120 631; baseline 0.005 -4"><span class='ocrx_word' id='word_1_285' title='bbox 1264 605 1309 627; x_wconf 74' lang='lat' dir='ltr'>AD</span> <span class='ocrx_word' id='word_1_286' title='bbox 1343 605 1514 628; x_wconf 69' lang='lat' dir='ltr'>FRATREM</span> <span class='ocrx_word' id='word_1_287' title='bbox 1544 605 1741 628; x_wconf 73' lang='lat' dir='ltr'>WILLELm</span> <span class='ocrx_word' id='word_1_288' title='bbox 1774 607 1944 630; x_wconf 61' lang='lat' dir='ltr'>nomem</span> <span class='ocrx_word' id='word_1_289' title='bbox 1977 608 2120 631; x_wconf 66' lang='lat' dir='ltr'>omni-:-</span> 
     </span>
     <span class='ocr_line' id='line_1_46' title="bbox 1567 661 1813 690; baseline 0.008 -2"><span class='ocrx_word' id='word_1_290' title='bbox 1567 666 1769 690; x_wconf 48' lang='lat' dir='ltr'>varenis</span> <span class='ocrx_word' id='word_1_291' title='bbox 1788 661 1813 690; x_wconf 70' lang='lat'>⁰.</span> 
     </span>
    </p>
   </div>
   <div class='ocr_carea' id='block_1_11' title="bbox 1182 776 2207 986">
    <p class='ocr_par' dir='ltr' id='par_1_12' title="bbox 1182 776 2207 986">
     <span class='ocr_line' id='line_1_47' title="bbox 1182 776 2207 823; baseline 0.003 -14"><span class='ocrx_word' id='word_1_292' title='bbox 1182 776 1300 819; x_wconf 81' lang='lat' dir='ltr'>Insigni</span> <span class='ocrx_word' id='word_1_293' title='bbox 1315 776 1509 820; x_wconf 83' lang='lat' dir='ltr'>paupertatis</span> <span class='ocrx_word' id='word_1_294' title='bbox 1522 776 1674 819; x_wconf 64' lang='lat' dir='ltr'>religioszr</span> <span class='ocrx_word' id='word_1_295' title='bbox 1693 776 1966 810; x_wconf 83' lang='lat' dir='ltr'>commendatione</span> <span class='ocrx_word' id='word_1_296' title='bbox 1979 779 2095 822; x_wconf 61' lang='lat' dir='ltr'>prawia</span> <span class='ocrx_word' id='word_1_297' title='bbox 2111 806 2118 819; x_wconf 89' lang='lat'>,</span> <span class='ocrx_word' id='word_1_298' title='bbox 2136 792 2207 823; x_wconf 84' lang='lat' dir='ltr'>per-</span> 
     </span>
     <span class='ocr_line' id='line_1_48' title="bbox 1232 832 2206 875; baseline 0.004 -12"><span class='ocrx_word' id='word_1_299' title='bbox 1232 832 1354 875; x_wconf 76' lang='lat' dir='ltr'>stringit</span> <span class='ocrx_word' id='word_1_300' title='bbox 1375 832 1406 863; x_wconf 90' lang='lat' dir='ltr'>iu</span> <span class='ocrx_word' id='word_1_301' title='bbox 1427 843 1464 863; x_wconf 90' lang='lat' dir='ltr'>eo</span> <span class='ocrx_word' id='word_1_302' title='bbox 1482 833 1615 864; x_wconf 87' lang='lat' dir='ltr'>nimium</span> <span class='ocrx_word' id='word_1_303' title='bbox 1642 832 1674 864; x_wconf 87' lang='lat' dir='ltr'>in</span> <span class='ocrx_word' id='word_1_304' title='bbox 1699 844 1748 864; x_wconf 87' lang='lat' dir='ltr'>res</span> <span class='ocrx_word' id='word_1_305' title='bbox 1776 839 1916 864; x_wconf 86' lang='lat' dir='ltr'>terrenas</span> <span class='ocrx_word' id='word_1_306' title='bbox 1937 833 2084 866; x_wconf 78' lang='lat' dir='ltr'>affectum</span> <span class='ocrx_word' id='word_1_307' title='bbox 2099 859 2107 873; x_wconf 94' lang='lat'>‚</span> <span class='ocrx_word' id='word_1_308' title='bbox 2135 847 2206 867; x_wconf 79' lang='lat' dir='ltr'>cum</span> 
     </span>
     <span class='ocr_line' id='line_1_49' title="bbox 1231 887 2207 933; baseline 0.003 -14"><span class='ocrx_word' id='word_1_309' title='bbox 1231 887 1347 919; x_wconf 83' lang='lat' dir='ltr'>damno</span> <span class='ocrx_word' id='word_1_310' title='bbox 1367 898 1562 930; x_wconf 82' lang='lat' dir='ltr'>pauperum,</span> <span class='ocrx_word' id='word_1_311' title='bbox 1580 888 1644 919; x_wconf 92' lang='lat' dir='ltr'>imo</span> <span class='ocrx_word' id='word_1_312' title='bbox 1661 899 1717 919; x_wconf 91' lang='lat' dir='ltr'>suo</span> <span class='ocrx_word' id='word_1_313' title='bbox 1741 888 1837 931; x_wconf 87' lang='lat' dir='ltr'>ipsius</span> <span class='ocrx_word' id='word_1_314' title='bbox 1858 890 2061 932; x_wconf 83' lang='lat' dir='ltr'>conjunctum</span> <span class='ocrx_word' id='word_1_315' title='bbox 2076 916 2083 929; x_wconf 87' lang='lat'>,</span> <span class='ocrx_word' id='word_1_316' title='bbox 2105 897 2137 922; x_wconf 81' lang='lat' dir='ltr'>ut</span> <span class='ocrx_word' id='word_1_317' title='bbox 2153 892 2207 933; x_wconf 84' lang='lat' dir='ltr'>qui</span> 
     </span>
     <span class='ocr_line' id='line_1_50' title="bbox 1230 943 2057 986; baseline 0.004 -12"><span class='ocrx_word' id='word_1_318' title='bbox 1230 943 1337 974; x_wconf 87' lang='lat' dir='ltr'>mallet</span> <span class='ocrx_word' id='word_1_319' title='bbox 1360 954 1414 974; x_wconf 83' lang='lat' dir='ltr'>sua</span> <span class='ocrx_word' id='word_1_320' title='bbox 1435 943 1528 975; x_wconf 89' lang='lat' dir='ltr'>morti</span> <span class='ocrx_word' id='word_1_321' title='bbox 1544 969 1551 983; x_wconf 93' lang='lat'>,</span> <span class='ocrx_word' id='word_1_322' title='bbox 1574 954 1668 986; x_wconf 87' lang='lat' dir='ltr'>quam</span> <span class='ocrx_word' id='word_1_323' title='bbox 1683 945 1782 975; x_wconf 85' lang='lat' dir='ltr'>amori</span> <span class='ocrx_word' id='word_1_324' title='bbox 1800 944 1915 977; x_wconf 84' lang='lat' dir='ltr'>Christi</span> <span class='ocrx_word' id='word_1_325' title='bbox 1933 946 2057 978; x_wconf 79' lang='lat' dir='ltr'>cedere.</span> 
     </span>
    </p>
   </div>
   <div class='ocr_carea' id='block_1_12' title="bbox 1181 1059 2214 1841">
    <p class='ocr_par' dir='ltr' id='par_1_13' title="bbox 1181 1059 2214 1841">
     <span class='ocr_line' id='line_1_51' title="bbox 1247 1059 2208 1112; baseline 0.004 -16"><span class='ocrx_word' id='word_1_326' title='bbox 1247 1061 1279 1097; x_wconf 89' lang='lat' dir='ltr'>l.</span> <span class='ocrx_word' id='word_1_327' title='bbox 1313 1059 1394 1097; x_wconf 82' lang='lat' dir='ltr'>Etsi</span> <span class='ocrx_word' id='word_1_328' title='bbox 1424 1060 1517 1097; x_wconf 83' lang='lat' dir='ltr'>facie</span> <span class='ocrx_word' id='word_1_329' title='bbox 1539 1060 1694 1110; x_wconf 76' lang='lat' dir='ltr'>ignotus</span> <span class='ocrx_word' id='word_1_330' title='bbox 1720 1060 1851 1107; x_wconf 88' lang='lat' dir='ltr'>nobis,</span> <span class='ocrx_word' id='word_1_331' title='bbox 1870 1062 1938 1099; x_wconf 89' lang='lat' dir='ltr'>etsi</span> <span class='ocrx_word' id='word_1_332' title='bbox 1959 1075 2124 1112; x_wconf 86' lang='lat' dir='ltr'>corpore</span> <span class='ocrx_word' id='word_1_333' title='bbox 2146 1076 2208 1101; x_wconf 85' lang='lat' dir='ltr'>re-</span> 
     </span>
     <span class='ocr_line' id='line_1_52' title="bbox 1186 1121 2205 1169; baseline 0.004 -12"><span class='ocrx_word' id='word_1_334' title='bbox 1186 1129 1314 1158; x_wconf 87' lang='lat' dir='ltr'>motus</span> <span class='ocrx_word' id='word_1_335' title='bbox 1344 1135 1364 1158; x_wconf 90' lang='lat' dir='ltr'>a</span> <span class='ocrx_word' id='word_1_336' title='bbox 1389 1121 1525 1167; x_wconf 88' lang='lat' dir='ltr'>nobis,</span> <span class='ocrx_word' id='word_1_337' title='bbox 1555 1122 1699 1159; x_wconf 88' lang='lat' dir='ltr'>amicus</span> <span class='ocrx_word' id='word_1_338' title='bbox 1730 1131 1857 1159; x_wconf 90' lang='lat' dir='ltr'>tamen</span> <span class='ocrx_word' id='word_1_339' title='bbox 1882 1137 1946 1169; x_wconf 71' lang='lat' dir='ltr'>es,</span> <span class='ocrx_word' id='word_1_340' title='bbox 1977 1132 2015 1161; x_wconf 89' lang='lat' dir='ltr'>et</span> <span class='ocrx_word' id='word_1_341' title='bbox 2040 1125 2205 1162; x_wconf 86' lang='lat' dir='ltr'>amicitia</span> 
     </span>
     <span class='ocr_line' id='line_1_53' title="bbox 1184 1181 2206 1233; baseline 0.004 -15"><span class='ocrx_word' id='word_1_342' title='bbox 1184 1191 1320 1219; x_wconf 84' lang='lat' dir='ltr'>notum</span> <span class='ocrx_word' id='word_1_343' title='bbox 1342 1181 1422 1230; x_wconf 86' lang='lat' dir='ltr'>jam</span> <span class='ocrx_word' id='word_1_344' title='bbox 1444 1181 1579 1228; x_wconf 88' lang='lat' dir='ltr'>nobis,</span> <span class='ocrx_word' id='word_1_345' title='bbox 1602 1191 1638 1220; x_wconf 89' lang='lat' dir='ltr'>et</span> <span class='ocrx_word' id='word_1_346' title='bbox 1657 1192 1887 1233; x_wconf 83' lang='lat' dir='ltr'>praesentem</span> <span class='ocrx_word' id='word_1_347' title='bbox 1911 1193 1946 1221; x_wconf 92' lang='lat' dir='ltr'>te</span> <span class='ocrx_word' id='word_1_348' title='bbox 1975 1184 2074 1222; x_wconf 86' lang='lat' dir='ltr'>facit.</span> <span class='ocrx_word' id='word_1_349' title='bbox 2096 1189 2206 1223; x_wconf 90' lang='lat' dir='ltr'>Hanc</span> 
     </span>
     <span class='ocr_line' id='line_1_54' title="bbox 1185 1241 2208 1294; baseline 0.005 -16"><span class='ocrx_word' id='word_1_350' title='bbox 1185 1241 1253 1278; x_wconf 89' lang='lat' dir='ltr'>tibi</span> <span class='ocrx_word' id='word_1_351' title='bbox 1267 1272 1276 1289; x_wconf 92' lang='lat'>,</span> <span class='ocrx_word' id='word_1_352' title='bbox 1296 1250 1331 1278; x_wconf 91' lang='lat' dir='ltr'>te</span> <span class='ocrx_word' id='word_1_353' title='bbox 1352 1242 1547 1279; x_wconf 84' lang='lat' dir='ltr'>nesciente</span> <span class='ocrx_word' id='word_1_354' title='bbox 1563 1272 1572 1289; x_wconf 94' lang='lat'>,</span> <span class='ocrx_word' id='word_1_355' title='bbox 1595 1243 1835 1294; x_wconf 78' lang='lat' dir='ltr'>comparavit</span> <span class='ocrx_word' id='word_1_356' title='bbox 1855 1257 1934 1280; x_wconf 90' lang='lat' dir='ltr'>non</span> <span class='ocrx_word' id='word_1_357' title='bbox 1953 1258 2043 1281; x_wconf 85' lang='lat' dir='ltr'>caro</span> <span class='ocrx_word' id='word_1_358' title='bbox 2064 1254 2101 1282; x_wconf 87' lang='lat' dir='ltr'>et</span> <span class='ocrx_word' id='word_1_359' title='bbox 2118 1260 2208 1283; x_wconf 91' lang='lat' dir='ltr'>san—</span> 
     </span>
     <span class='ocr_line' id='line_1_55' title="bbox 1183 1302 2204 1353; baseline 0.004 -15"><span class='ocrx_word' id='word_1_360' title='bbox 1183 1302 1290 1351; x_wconf 79' lang='lat' dir='ltr'>guis,</span> <span class='ocrx_word' id='word_1_361' title='bbox 1315 1302 1380 1339; x_wconf 91' lang='lat' dir='ltr'>sed</span> <span class='ocrx_word' id='word_1_362' title='bbox 1404 1302 1560 1352; x_wconf 86' lang='lat' dir='ltr'>spiritus</span> <span class='ocrx_word' id='word_1_363' title='bbox 1580 1303 1674 1347; x_wconf 83' lang='lat' dir='ltr'>Dei,</span> <span class='ocrx_word' id='word_1_364' title='bbox 1701 1303 1766 1353; x_wconf 89' lang='lat' dir='ltr'>qui</span> <span class='ocrx_word' id='word_1_365' title='bbox 1786 1304 2024 1341; x_wconf 57' lang='lat' dir='ltr'>XVillelmnm</span> <span class='ocrx_word' id='word_1_366' title='bbox 2048 1306 2204 1342; x_wconf 87' lang='lat' dir='ltr'>fratrem</span> 
     </span>
     <span class='ocr_line' id='line_1_56' title="bbox 1186 1363 2214 1414; baseline 0.005 -15"><span class='ocrx_word' id='word_1_367' title='bbox 1186 1371 1297 1400; x_wconf 87' lang='lat' dir='ltr'>tuum</span> <span class='ocrx_word' id='word_1_368' title='bbox 1319 1371 1463 1400; x_wconf 78' lang='lat' dir='ltr'>aeterna</span> <span class='ocrx_word' id='word_1_369' title='bbox 1487 1363 1600 1401; x_wconf 82' lang='lat' dir='ltr'>nobis</span> <span class='ocrx_word' id='word_1_370' title='bbox 1620 1364 1801 1401; x_wconf 86' lang='lat' dir='ltr'>societate</span> <span class='ocrx_word' id='word_1_371' title='bbox 1819 1373 1857 1401; x_wconf 90' lang='lat' dir='ltr'>et</span> <span class='ocrx_word' id='word_1_372' title='bbox 1874 1365 2062 1414; x_wconf 85' lang='lat' dir='ltr'>spirituali</span> <span class='ocrx_word' id='word_1_373' title='bbox 2088 1367 2214 1404; x_wconf 83' lang='lat' dir='ltr'>chari-</span> 
     </span>
     <span class='ocr_line' id='line_1_57' title="bbox 1185 1424 2203 1477; baseline 0.004 -17"><span class='ocrx_word' id='word_1_374' title='bbox 1185 1432 1261 1461; x_wconf 89' lang='lat' dir='ltr'>tate</span> <span class='ocrx_word' id='word_1_375' title='bbox 1280 1424 1472 1470; x_wconf 71' lang='lat' dir='ltr'>devinxit,</span> <span class='ocrx_word' id='word_1_376' title='bbox 1492 1438 1534 1461; x_wconf 87' lang='lat' dir='ltr'>ac</span> <span class='ocrx_word' id='word_1_377' title='bbox 1555 1438 1625 1474; x_wconf 88' lang='lat' dir='ltr'>per</span> <span class='ocrx_word' id='word_1_378' title='bbox 1641 1438 1728 1461; x_wconf 89' lang='lat' dir='ltr'>eum</span> <span class='ocrx_word' id='word_1_379' title='bbox 1749 1433 1784 1462; x_wconf 90' lang='lat' dir='ltr'>te</span> <span class='ocrx_word' id='word_1_380' title='bbox 1801 1439 1978 1476; x_wconf 87' lang='lat' dir='ltr'>quoque,</span> <span class='ocrx_word' id='word_1_381' title='bbox 1996 1427 2023 1463; x_wconf 87' lang='lat' dir='ltr'>si</span> <span class='ocrx_word' id='word_1_382' title='bbox 2044 1426 2203 1477; x_wconf 76' lang='lat' dir='ltr'>dignum</span> 
     </span>
     <span class='ocr_line' id='line_1_58' title="bbox 1181 1484 2208 1536; baseline 0.004 -15"><span class='ocrx_word' id='word_1_383' title='bbox 1181 1484 1345 1535; x_wconf 87' lang='lat' dir='ltr'>judicas.</span> <span class='ocrx_word' id='word_1_384' title='bbox 1365 1489 1415 1522; x_wconf 87' lang='lat' dir='ltr'>At</span> <span class='ocrx_word' id='word_1_385' title='bbox 1434 1485 1463 1522; x_wconf 92' lang='lat' dir='ltr'>si</span> <span class='ocrx_word' id='word_1_386' title='bbox 1480 1485 1602 1536; x_wconf 81' lang='lat' dir='ltr'>sapis,</span> <span class='ocrx_word' id='word_1_387' title='bbox 1624 1499 1703 1523; x_wconf 92' lang='lat' dir='ltr'>non</span> <span class='ocrx_word' id='word_1_388' title='bbox 1721 1495 1945 1523; x_wconf 89' lang='lat' dir='ltr'>contemnes</span> <span class='ocrx_word' id='word_1_389' title='bbox 1962 1500 2096 1524; x_wconf 88' lang='lat' dir='ltr'>eorum</span> <span class='ocrx_word' id='word_1_390' title='bbox 2115 1489 2208 1526; x_wconf 88' lang='lat' dir='ltr'>ami—</span> 
     </span>
     <span class='ocr_line' id='line_1_59' title="bbox 1187 1546 2207 1599; baseline 0.004 -16"><span class='ocrx_word' id='word_1_391' title='bbox 1187 1546 1336 1593; x_wconf 87' lang='lat' dir='ltr'>citiam,</span> <span class='ocrx_word' id='word_1_392' title='bbox 1370 1560 1469 1597; x_wconf 87' lang='lat' dir='ltr'>quos</span> <span class='ocrx_word' id='word_1_393' title='bbox 1496 1547 1645 1584; x_wconf 83' lang='lat' dir='ltr'>Veritas</span> <span class='ocrx_word' id='word_1_394' title='bbox 1676 1547 1810 1584; x_wconf 90' lang='lat' dir='ltr'>beatos</span> <span class='ocrx_word' id='word_1_395' title='bbox 1840 1548 2001 1594; x_wconf 88' lang='lat' dir='ltr'>clamat,</span> <span class='ocrx_word' id='word_1_396' title='bbox 2031 1557 2068 1585; x_wconf 89' lang='lat' dir='ltr'>et</span> <span class='ocrx_word' id='word_1_397' title='bbox 2098 1563 2207 1599; x_wconf 73' lang='lat' dir='ltr'>reges</span> 
     </span>
     <span class='ocr_line' id='line_1_60' title="bbox 1182 1606 2205 1658; baseline 0.004 -15"><span class='ocrx_word' id='word_1_398' title='bbox 1182 1607 1409 1657; x_wconf 85' lang='lat' dir='ltr'>pronuntiat</span> <span class='ocrx_word' id='word_1_399' title='bbox 1439 1607 1626 1644; x_wconf 80' lang='lat' dir='ltr'>coelorum</span> <span class='ocrx_word' id='word_1_400' title='bbox 1643 1606 1670 1645; x_wconf 68' lang='lat'>⁶.</span> <span class='ocrx_word' id='word_1_401' title='bbox 1700 1611 1822 1656; x_wconf 88' lang='lat' dir='ltr'>Quam</span> <span class='ocrx_word' id='word_1_402' title='bbox 1852 1608 2007 1658; x_wconf 85' lang='lat' dir='ltr'>quidem</span> <span class='ocrx_word' id='word_1_403' title='bbox 2035 1608 2205 1647; x_wconf 87' lang='lat' dir='ltr'>beatitu—</span> 
     </span>
     <span class='ocr_line' id='line_1_61' title="bbox 1185 1666 2206 1707; baseline 0.003 -4"><span class='ocrx_word' id='word_1_404' title='bbox 1185 1666 1315 1704; x_wconf 89' lang='lat' dir='ltr'>dinem</span> <span class='ocrx_word' id='word_1_405' title='bbox 1342 1681 1420 1704; x_wconf 92' lang='lat' dir='ltr'>non</span> <span class='ocrx_word' id='word_1_406' title='bbox 1447 1667 1667 1705; x_wconf 65' lang='lat' dir='ltr'>invidemus</span> <span class='ocrx_word' id='word_1_407' title='bbox 1697 1667 1765 1704; x_wconf 89' lang='lat' dir='ltr'>tibi</span> <span class='ocrx_word' id='word_1_408' title='bbox 1788 1683 1796 1705; x_wconf 74' lang='grc' dir='ltr'><strong><em>ε</em></strong></span> <span class='ocrx_word' id='word_1_409' title='bbox 1816 1681 1885 1705; x_wconf 88' lang='lat' dir='ltr'>nec</span> <span class='ocrx_word' id='word_1_410' title='bbox 1907 1669 2008 1705; x_wconf 91' lang='lat' dir='ltr'>enim</span> <span class='ocrx_word' id='word_1_411' title='bbox 2028 1683 2206 1707; x_wconf 88' lang='lat' dir='ltr'>commu-</span> 
     </span>
     <span class='ocr_line' id='line_1_62' title="bbox 1184 1728 2204 1780; baseline 0.003 -15"><span class='ocrx_word' id='word_1_412' title='bbox 1184 1729 1308 1765; x_wconf 90' lang='lat' dir='ltr'>nicata</span> <span class='ocrx_word' id='word_1_413' title='bbox 1332 1728 1399 1765; x_wconf 88' lang='lat' dir='ltr'>tibi</span> <span class='ocrx_word' id='word_1_414' title='bbox 1413 1758 1422 1776; x_wconf 95' lang='lat'>,</span> <span class='ocrx_word' id='word_1_415' title='bbox 1446 1728 1558 1765; x_wconf 91' lang='lat' dir='ltr'>nobis</span> <span class='ocrx_word' id='word_1_416' title='bbox 1580 1729 1792 1775; x_wconf 88' lang='lat' dir='ltr'>minuitur;</span> <span class='ocrx_word' id='word_1_417' title='bbox 1811 1743 1881 1767; x_wconf 86' lang='lat' dir='ltr'>nec</span> <span class='ocrx_word' id='word_1_418' title='bbox 1900 1730 2021 1767; x_wconf 86' lang='lat' dir='ltr'>nostri</span> <span class='ocrx_word' id='word_1_419' title='bbox 2040 1731 2204 1780; x_wconf 83' lang='lat' dir='ltr'>proinde</span> 
     </span>
     <span class='ocr_line' id='line_1_63' title="bbox 1185 1789 2208 1841; baseline 0.003 -16"><span class='ocrx_word' id='word_1_420' title='bbox 1185 1789 1340 1826; x_wconf 86' lang='lat' dir='ltr'>termini</span> <span class='ocrx_word' id='word_1_421' title='bbox 1359 1789 1664 1839; x_wconf 73' lang='lat' dir='ltr'>restringuntur,</span> <span class='ocrx_word' id='word_1_422' title='bbox 1683 1789 1713 1827; x_wconf 90' lang='lat' dir='ltr'>si</span> <span class='ocrx_word' id='word_1_423' title='bbox 1731 1799 1768 1827; x_wconf 90' lang='lat' dir='ltr'>et</span> <span class='ocrx_word' id='word_1_424' title='bbox 1787 1799 1827 1827; x_wconf 88' lang='lat' dir='ltr'>tu</span> <span class='ocrx_word' id='word_1_425' title='bbox 1845 1791 2076 1841; x_wconf 73' lang='lat' dir='ltr'>regnaveris.</span> <span class='ocrx_word' id='word_1_426' title='bbox 2097 1795 2208 1841; x_wconf 83' lang='lat' dir='ltr'>Quae-</span> 
     </span>
    </p>
   </div>
   <div class='ocr_carea' id='block_1_13' title="bbox 1133 1850 2204 1902">
    <p class='ocr_par' dir='ltr' id='par_1_14' title="bbox 1133 1850 2204 1902">
     <span class='ocr_line' id='line_1_64' title="bbox 1133 1850 2204 1902; baseline 0.003 -15"><span class='ocrx_word' id='word_1_427' title='bbox 1133 1857 1160 1893; x_wconf 90' lang='lat' dir='ltr'>C</span> <span class='ocrx_word' id='word_1_428' title='bbox 1184 1863 1272 1887; x_wconf 90' lang='lat' dir='ltr'>nam</span> <span class='ocrx_word' id='word_1_429' title='bbox 1293 1864 1388 1887; x_wconf 72' lang='lat' dir='ltr'>vero</span> <span class='ocrx_word' id='word_1_430' title='bbox 1405 1850 1559 1888; x_wconf 76' lang='lat' dir='ltr'>invidiae</span> <span class='ocrx_word' id='word_1_431' title='bbox 1574 1865 1687 1888; x_wconf 88' lang='lat' dir='ltr'>causa</span> <span class='ocrx_word' id='word_1_432' title='bbox 1704 1860 1830 1902; x_wconf 85' lang='lat' dir='ltr'>potest</span> <span class='ocrx_word' id='word_1_433' title='bbox 1849 1865 1943 1897; x_wconf 92' lang='lat' dir='ltr'>esse,</span> <span class='ocrx_word' id='word_1_434' title='bbox 1959 1851 2025 1888; x_wconf 88' lang='lat' dir='ltr'>ubi</span> <span class='ocrx_word' id='word_1_435' title='bbox 2042 1853 2204 1890; x_wconf 82' lang='lat' dir='ltr'>sortium</span> 
     </span>
    </p>
   </div>
   <div class='ocr_carea' id='block_1_14' title="bbox 1181 1911 2208 2630">
    <p class='ocr_par' dir='ltr' id='par_1_15' title="bbox 1181 1911 2208 2630">
     <span class='ocr_line' id='line_1_65' title="bbox 1185 1911 2208 1961; baseline 0.003 -14"><span class='ocrx_word' id='word_1_436' title='bbox 1185 1911 1442 1961; x_wconf 78' lang='lat' dir='ltr'>magnitudini</span> <span class='ocrx_word' id='word_1_437' title='bbox 1461 1912 1699 1949; x_wconf 86' lang='lat' dir='ltr'>consortium</span> <span class='ocrx_word' id='word_1_438' title='bbox 1722 1912 1930 1949; x_wconf 90' lang='lat' dir='ltr'>multitudo</span> <span class='ocrx_word' id='word_1_439' title='bbox 1948 1913 1999 1950; x_wconf 92' lang='lat' dir='ltr'>nil</span> <span class='ocrx_word' id='word_1_440' title='bbox 2019 1913 2208 1951; x_wconf 68' lang='lat' dir='ltr'>detrabit?</span> 
     </span>
     <span class='ocr_line' id='line_1_66' title="bbox 1184 1973 2204 2025; baseline 0.003 -16"><span class='ocrx_word' id='word_1_441' title='bbox 1184 1973 1282 2010; x_wconf 84' lang='lat' dir='ltr'>Volo</span> <span class='ocrx_word' id='word_1_442' title='bbox 1312 1981 1348 2009; x_wconf 89' lang='lat' dir='ltr'>te</span> <span class='ocrx_word' id='word_1_443' title='bbox 1375 1986 1456 2010; x_wconf 88' lang='lat' dir='ltr'>esse</span> <span class='ocrx_word' id='word_1_444' title='bbox 1477 1973 1643 2010; x_wconf 89' lang='lat' dir='ltr'>amicum</span> <span class='ocrx_word' id='word_1_445' title='bbox 1668 1988 1886 2025; x_wconf 88' lang='lat' dir='ltr'>pauperum</span> <span class='ocrx_word' id='word_1_446' title='bbox 1902 2004 1910 2020; x_wconf 92' lang='lat'>‚</span> <span class='ocrx_word' id='word_1_447' title='bbox 1932 1975 2051 2024; x_wconf 76' lang='lat' dir='ltr'>magis</span> <span class='ocrx_word' id='word_1_448' title='bbox 2075 1984 2204 2012; x_wconf 87' lang='lat' dir='ltr'>autem</span> 
     </span>
     <span class='ocr_line' id='line_1_67' title="bbox 1182 2033 2204 2085; baseline 0.002 -15"><span class='ocrx_word' id='word_1_449' title='bbox 1182 2033 1430 2071; x_wconf 89' lang='lat' dir='ltr'>imitatorem.</span> <span class='ocrx_word' id='word_1_450' title='bbox 1449 2034 1518 2071; x_wconf 91' lang='lat' dir='ltr'>Ille</span> <span class='ocrx_word' id='word_1_451' title='bbox 1547 2034 1688 2083; x_wconf 68' lang='lat' dir='ltr'>gradus</span> <span class='ocrx_word' id='word_1_452' title='bbox 1716 2035 2003 2085; x_wconf 74' lang='lat' dir='ltr'>proficientium</span> <span class='ocrx_word' id='word_1_453' title='bbox 2034 2044 2109 2081; x_wconf 87' lang='lat' dir='ltr'>est,</span> <span class='ocrx_word' id='word_1_454' title='bbox 2144 2036 2204 2073; x_wconf 86' lang='lat' dir='ltr'>hic</span> 
     </span>
     <span class='ocr_line' id='line_1_68' title="bbox 1181 2095 2207 2146; baseline 0.001 -14"><span class='ocrx_word' id='word_1_455' title='bbox 1181 2096 1457 2145; x_wconf 81' lang='lat' dir='ltr'>perfectorum.</span> <span class='ocrx_word' id='word_1_456' title='bbox 1486 2095 1663 2132; x_wconf 85' lang='lat' dir='ltr'>Amicitia</span> <span class='ocrx_word' id='word_1_457' title='bbox 1685 2109 1927 2146; x_wconf 82' lang='lat' dir='ltr'>pauperum,</span> <span class='ocrx_word' id='word_1_458' title='bbox 1955 2110 2087 2146; x_wconf 74' lang='lat' dir='ltr'>regum</span> <span class='ocrx_word' id='word_1_459' title='bbox 2115 2097 2207 2133; x_wconf 87' lang='lat' dir='ltr'>ami-</span> 
     </span>
     <span class='ocr_line' id='line_1_69' title="bbox 1182 2156 2204 2207; baseline 0.001 -14"><span class='ocrx_word' id='word_1_460' title='bbox 1182 2170 1246 2193; x_wconf 85' lang='lat' dir='ltr'>cos</span> <span class='ocrx_word' id='word_1_461' title='bbox 1284 2156 1503 2203; x_wconf 78' lang='lat' dir='ltr'>constituit,</span> <span class='ocrx_word' id='word_1_462' title='bbox 1537 2170 1646 2193; x_wconf 86' lang='lat' dir='ltr'>amor</span> <span class='ocrx_word' id='word_1_463' title='bbox 1677 2158 1936 2207; x_wconf 78' lang='lat' dir='ltr'>paupertatis,</span> <span class='ocrx_word' id='word_1_464' title='bbox 1971 2171 2090 2207; x_wconf 78' lang='lat' dir='ltr'>reges.</span> <span class='ocrx_word' id='word_1_465' title='bbox 2122 2161 2204 2194; x_wconf 88' lang='lat' dir='ltr'>Re-</span> 
     </span>
     <span class='ocr_line' id='line_1_70' title="bbox 1181 2217 2203 2268; baseline 0.002 -15"><span class='ocrx_word' id='word_1_466' title='bbox 1181 2230 1299 2266; x_wconf 70' lang='lat' dir='ltr'>gnum</span> <span class='ocrx_word' id='word_1_467' title='bbox 1329 2217 1497 2266; x_wconf 88' lang='lat' dir='ltr'>denique</span> <span class='ocrx_word' id='word_1_468' title='bbox 1522 2217 1710 2254; x_wconf 84' lang='lat' dir='ltr'>coelorum</span> <span class='ocrx_word' id='word_1_469' title='bbox 1739 2231 1956 2268; x_wconf 87' lang='lat' dir='ltr'>pauperum</span> <span class='ocrx_word' id='word_1_470' title='bbox 1978 2227 2059 2263; x_wconf 87' lang='lat' dir='ltr'>est;</span> <span class='ocrx_word' id='word_1_471' title='bbox 2088 2226 2125 2255; x_wconf 87' lang='lat' dir='ltr'>et</span> <span class='ocrx_word' id='word_1_472' title='bbox 2147 2228 2203 2256; x_wconf 85' lang='lat' dir='ltr'>est</span> 
     </span>
     <span class='ocr_line' id='line_1_71' title="bbox 1182 2276 2201 2328; baseline 0.004 -15"><span class='ocrx_word' id='word_1_473' title='bbox 1182 2277 1295 2327; x_wconf 74' lang='lat' dir='ltr'>regiae</span> <span class='ocrx_word' id='word_1_474' title='bbox 1329 2278 1530 2328; x_wconf 86' lang='lat' dir='ltr'>potestatis</span> <span class='ocrx_word' id='word_1_475' title='bbox 1565 2276 1680 2314; x_wconf 87' lang='lat' dir='ltr'>beare</span> <span class='ocrx_word' id='word_1_476' title='bbox 1710 2292 1782 2328; x_wconf 87' lang='lat' dir='ltr'>pro</span> <span class='ocrx_word' id='word_1_477' title='bbox 1812 2279 2011 2316; x_wconf 83' lang='lat' dir='ltr'>voluntate</span> <span class='ocrx_word' id='word_1_478' title='bbox 2047 2279 2201 2317; x_wconf 84' lang='lat' dir='ltr'>amicos.</span> 
     </span>
     <span class='ocr_line' id='line_1_72' title="bbox 1182 2338 2204 2388; baseline 0.001 -14"><span class='ocrx_word' id='word_1_479' title='bbox 1182 2340 1331 2382; x_wconf 77' lang='lat' dir='ltr'>Facite,</span> <span class='ocrx_word' id='word_1_480' title='bbox 1355 2338 1499 2388; x_wconf 85' lang='lat' dir='ltr'>iuquit,</span> <span class='ocrx_word' id='word_1_481' title='bbox 1518 2338 1624 2374; x_wconf 70' lang='lat' dir='ltr'>vobis</span> <span class='ocrx_word' id='word_1_482' title='bbox 1653 2343 1796 2375; x_wconf 66' lang='lat' dir='ltr'>clinicos</span> <span class='ocrx_word' id='word_1_483' title='bbox 1816 2341 1863 2375; x_wconf 82' lang='lat' dir='ltr'>de</span> <span class='ocrx_word' id='word_1_484' title='bbox 1884 2353 2104 2376; x_wconf 74' lang='lat' dir='ltr'>mammona</span> <span class='ocrx_word' id='word_1_485' title='bbox 2129 2343 2204 2376; x_wconf 68' lang='lat' dir='ltr'>ini-</span> 
     </span>
     <span class='ocr_line' id='line_1_73' title="bbox 1182 2399 2205 2448; baseline 0.002 -14"><span class='ocrx_word' id='word_1_486' title='bbox 1182 2402 1365 2447; x_wconf 70' lang='lat' dir='ltr'>qtcitati55</span> <span class='ocrx_word' id='word_1_487' title='bbox 1393 2408 1450 2443; x_wconf 75' lang='lat' dir='ltr'>ut,</span> <span class='ocrx_word' id='word_1_488' title='bbox 1476 2403 1563 2433; x_wconf 68' lang='lat' dir='ltr'>“cum</span> <span class='ocrx_word' id='word_1_489' title='bbox 1593 2399 1826 2446; x_wconf 54' lang='lat' dir='ltr'>defeceritis,</span> <span class='ocrx_word' id='word_1_490' title='bbox 1858 2404 2046 2448; x_wconf 75' lang='lat' dir='ltr'>recipiant</span> <span class='ocrx_word' id='word_1_491' title='bbox 2072 2414 2138 2436; x_wconf 63' lang='lat' dir='ltr'>vos</span> <span class='ocrx_word' id='word_1_492' title='bbox 2164 2405 2205 2436; x_wconf 75' lang='lat' dir='ltr'>il?</span> 
     </span>
     <span class='ocr_line' id='line_1_74' title="bbox 1183 2459 2205 2510; baseline 0.001 -15"><span class='ocrx_word' id='word_1_493' title='bbox 1183 2468 1329 2495; x_wconf 68' lang='lat' dir='ltr'>(eterna</span> <span class='ocrx_word' id='word_1_494' title='bbox 1354 2459 1602 2495; x_wconf 75' lang='lat' dir='ltr'>tabernacula</span> <span class='ocrx_word' id='word_1_495' title='bbox 1617 2465 1642 2496; x_wconf 79' lang='grc'>7.</span> <span class='ocrx_word' id='word_1_496' title='bbox 1669 2459 1785 2496; x_wconf 64' lang='lat' dir='ltr'>Vides</span> <span class='ocrx_word' id='word_1_497' title='bbox 1812 2460 1902 2509; x_wconf 90' lang='lat' dir='ltr'>quia</span> <span class='ocrx_word' id='word_1_498' title='bbox 1925 2473 2062 2510; x_wconf 73' lang='lat' dir='ltr'>magna</span> <span class='ocrx_word' id='word_1_499' title='bbox 2085 2459 2205 2509; x_wconf 73' lang='lat' dir='ltr'>digni—</span> 
     </span>
     <span class='ocr_line' id='line_1_75' title="bbox 1184 2519 2206 2571; baseline 0 -14"><span class='ocrx_word' id='word_1_500' title='bbox 1184 2528 1261 2566; x_wconf 82' lang='lat' dir='ltr'>tas,</span> <span class='ocrx_word' id='word_1_501' title='bbox 1287 2528 1417 2557; x_wconf 89' lang='lat' dir='ltr'>sancta</span> <span class='ocrx_word' id='word_1_502' title='bbox 1438 2528 1645 2569; x_wconf 85' lang='lat' dir='ltr'>paupertas</span> <span class='ocrx_word' id='word_1_503' title='bbox 1669 2519 1717 2556; x_wconf 88' lang='lat' dir='ltr'>sit</span> <span class='ocrx_word' id='word_1_504' title='bbox 1738 2534 1745 2556; x_wconf 78' lang='lat' dir='ltr'>t</span> <span class='ocrx_word' id='word_1_505' title='bbox 1770 2529 1811 2557; x_wconf 85' lang='lat' dir='ltr'>ut</span> <span class='ocrx_word' id='word_1_506' title='bbox 1830 2534 1907 2557; x_wconf 93' lang='lat' dir='ltr'>non</span> <span class='ocrx_word' id='word_1_507' title='bbox 1930 2520 2048 2557; x_wconf 89' lang='lat' dir='ltr'>modo</span> <span class='ocrx_word' id='word_1_508' title='bbox 2070 2530 2206 2571; x_wconf 45' lang='lat' dir='ltr'>patro*</span> 
     </span>
     <span class='ocr_line' id='line_1_76' title="bbox 1183 2579 2206 2630; baseline 0.002 -14"><span class='ocrx_word' id='word_1_509' title='bbox 1183 2580 1328 2617; x_wconf 80' lang='lat' dir='ltr'>cinium</span> <span class='ocrx_word' id='word_1_510' title='bbox 1360 2581 1443 2630; x_wconf 86' lang='lat' dir='ltr'>ipsa</span> <span class='ocrx_word' id='word_1_511' title='bbox 1467 2579 1538 2617; x_wconf 88' lang='lat' dir='ltr'>sibi</span> <span class='ocrx_word' id='word_1_512' title='bbox 1562 2593 1638 2617; x_wconf 88' lang='lat' dir='ltr'>non</span> <span class='ocrx_word' id='word_1_513' title='bbox 1667 2589 1837 2630; x_wconf 76' lang='lat' dir='ltr'>quaerat,</span> <span class='ocrx_word' id='word_1_514' title='bbox 1862 2580 1927 2617; x_wconf 90' lang='lat' dir='ltr'>sed</span> <span class='ocrx_word' id='word_1_515' title='bbox 1958 2589 1996 2618; x_wconf 89' lang='lat' dir='ltr'>et</span> <span class='ocrx_word' id='word_1_516' title='bbox 2024 2581 2118 2618; x_wconf 83' lang='lat' dir='ltr'>ferat</span> <span class='ocrx_word' id='word_1_517' title='bbox 2146 2582 2206 2618; x_wconf 83' lang='lat' dir='ltr'>in-</span> 
     </span>
    </p>
   </div>
   <div class='ocr_carea' id='block_1_15' title="bbox 1134 2641 2204 2691">
    <p class='ocr_par' dir='ltr' id='par_1_16' title="bbox 1134 2641 2204 2691">
     <span class='ocr_line' id='line_1_77' title="bbox 1134 2641 2204 2691; baseline 0 -12"><span class='ocrx_word' id='word_1_518' title='bbox 1134 2645 1168 2679; x_wconf 88' lang='lat' dir='ltr'>D</span> <span class='ocrx_word' id='word_1_519' title='bbox 1186 2641 1418 2691; x_wconf 77' lang='lat' dir='ltr'>digentibus.</span> <span class='ocrx_word' id='word_1_520' title='bbox 1452 2642 1571 2690; x_wconf 88' lang='lat' dir='ltr'>Quale</span> <span class='ocrx_word' id='word_1_521' title='bbox 1609 2649 1665 2678; x_wconf 92' lang='lat' dir='ltr'>est</span> <span class='ocrx_word' id='word_1_522' title='bbox 1692 2641 1785 2688; x_wconf 89' lang='lat' dir='ltr'>hoc,</span> <span class='ocrx_word' id='word_1_523' title='bbox 1808 2641 1953 2691; x_wconf 86' lang='lat' dir='ltr'>absque</span> <span class='ocrx_word' id='word_1_524' title='bbox 1984 2641 2204 2679; x_wconf 81' lang='lat' dir='ltr'>interventu</span> 
     </span>
    </p>
   </div>
   <div class='ocr_carea' id='block_1_16' title="bbox 1182 2701 2206 2813">
    <p class='ocr_par' dir='ltr' id='par_1_17' title="bbox 1182 2701 2206 2813">
     <span class='ocr_line' id='line_1_78' title="bbox 1184 2701 2206 2752; baseline 0 -14"><span class='ocrx_word' id='word_1_525' title='bbox 1184 2701 1397 2752; x_wconf 87' lang='lat' dir='ltr'>cujuspiam</span> <span class='ocrx_word' id='word_1_526' title='bbox 1430 2702 1669 2752; x_wconf 79' lang='lat' dir='ltr'>Angelorum</span> <span class='ocrx_word' id='word_1_527' title='bbox 1698 2703 1755 2739; x_wconf 84' lang='lat' dir='ltr'>vel</span> <span class='ocrx_word' id='word_1_528' title='bbox 1784 2703 2009 2747; x_wconf 88' lang='lat' dir='ltr'>hominum,</span> <span class='ocrx_word' id='word_1_529' title='bbox 2033 2702 2113 2739; x_wconf 87' lang='lat' dir='ltr'>sola</span> <span class='ocrx_word' id='word_1_530' title='bbox 2145 2703 2206 2739; x_wconf 78' lang='lat' dir='ltr'>‹li-</span> 
     </span>
     <span class='ocr_line' id='line_1_79' title="bbox 1182 2762 2205 2813; baseline 0 -14"><span class='ocrx_word' id='word_1_531' title='bbox 1182 2762 1283 2800; x_wconf 76' lang='lat' dir='ltr'>vinae</span> <span class='ocrx_word' id='word_1_532' title='bbox 1314 2763 1444 2812; x_wconf 71' lang='lat' dir='ltr'>gratiae</span> <span class='ocrx_word' id='word_1_533' title='bbox 1471 2763 1725 2809; x_wconf 85' lang='lat' dir='ltr'>confidentia,</span> <span class='ocrx_word' id='word_1_534' title='bbox 1756 2762 1940 2801; x_wconf 88' lang='lat' dir='ltr'>accedere</span> <span class='ocrx_word' id='word_1_535' title='bbox 1967 2776 2035 2813; x_wconf 88' lang='lat' dir='ltr'>per</span> <span class='ocrx_word' id='word_1_536' title='bbox 2065 2771 2205 2800; x_wconf 90' lang='lat' dir='ltr'>temet-</span> 
     </span>
    </p>
   </div>
   <div class='ocr_carea' id='block_1_17' title="bbox 99 2897 2213 2991">
    <p class='ocr_par' dir='ltr' id='par_1_18' title="bbox 99 2897 2213 2991">
     <span class='ocr_line' id='line_1_80' title="bbox 146 2897 2213 2941; baseline 0 -10"><span class='ocrx_word' id='word_1_537' title='bbox 146 2905 156 2921; x_wconf 91' lang='lat'><em>¹</em></span> <span class='ocrx_word' id='word_1_538' title='bbox 171 2902 273 2933; x_wconf 88' lang='lat' dir='ltr'>ICor.</span> <span class='ocrx_word' id='word_1_539' title='bbox 289 2912 321 2937; x_wconf 86' lang='lat' dir='ltr'>v,</span> <span class='ocrx_word' id='word_1_540' title='bbox 343 2904 456 2934; x_wconf 65' lang='lat'>13.—</span> <span class='ocrx_word' id='word_1_541' title='bbox 473 2908 485 2923; x_wconf 85' lang='lat'>²</span> <span class='ocrx_word' id='word_1_542' title='bbox 502 2902 607 2934; x_wconf 85' lang='lat' dir='ltr'>Eccle.</span> <span class='ocrx_word' id='word_1_543' title='bbox 629 2913 697 2939; x_wconf 77' lang='lat' dir='ltr'>vn,</span> <span class='ocrx_word' id='word_1_544' title='bbox 719 2903 772 2933; x_wconf 78' lang='lat'>14.</span> <span class='ocrx_word' id='word_1_545' title='bbox 788 2920 834 2924; x_wconf 88' lang='lat'>——</span> <span class='ocrx_word' id='word_1_546' title='bbox 852 2899 998 2933; x_wconf 80' lang='lat' dir='ltr'>3Matth.</span> <span class='ocrx_word' id='word_1_547' title='bbox 1020 2912 1078 2939; x_wconf 84' lang='lat' dir='ltr'>xv,</span> <span class='ocrx_word' id='word_1_548' title='bbox 1098 2902 1152 2931; x_wconf 85' lang='grc'>13.</span> <span class='ocrx_word' id='word_1_549' title='bbox 1171 2917 1216 2921; x_wconf 67' lang='lat'>—-</span> <span class='ocrx_word' id='word_1_550' title='bbox 1234 2898 1248 2925; x_wconf 73' lang='grc'>4</span> <span class='ocrx_word' id='word_1_551' title='bbox 1265 2901 1279 2930; x_wconf 93' lang='grc' dir='ltr'>Ι</span> <span class='ocrx_word' id='word_1_552' title='bbox 1296 2902 1391 2931; x_wconf 88' lang='lat' dir='ltr'>Joan.</span> <span class='ocrx_word' id='word_1_553' title='bbox 1411 2901 1600 2938; x_wconf 83' lang='lat'>11‚19.—</span> <span class='ocrx_word' id='word_1_554' title='bbox 1621 2897 1663 2930; x_wconf 86' lang='lat'>51</span> <span class='ocrx_word' id='word_1_555' title='bbox 1683 2900 1755 2931; x_wconf 85' lang='lat' dir='ltr'>Cor.</span> <span class='ocrx_word' id='word_1_556' title='bbox 1773 2910 1844 2936; x_wconf 78' lang='lat' dir='ltr'>vn,</span> <span class='ocrx_word' id='word_1_557' title='bbox 1870 2902 1922 2931; x_wconf 80' lang='lat'>15.</span> <span class='ocrx_word' id='word_1_558' title='bbox 1944 2920 1989 2925; x_wconf 90' lang='lat'>-—</span> <span class='ocrx_word' id='word_1_559' title='bbox 2009 2900 2025 2924; x_wconf 81' lang='grc'><strong>6</strong></span> <span class='ocrx_word' id='word_1_560' title='bbox 2042 2901 2161 2934; x_wconf 81' lang='lat' dir='ltr'>Mauh.</span> <span class='ocrx_word' id='word_1_561' title='bbox 2180 2914 2213 2941; x_wconf 83' lang='lat' dir='ltr'>v,</span> 
     </span>
     <span class='ocr_line' id='line_1_81' title="bbox 99 2956 458 2991; baseline 0.008 -7"><span class='ocrx_word' id='word_1_562' title='bbox 99 2956 131 2984; x_wconf 87' lang='grc'>3.</span> <span class='ocrx_word' id='word_1_563' title='bbox 151 2972 194 2976; x_wconf 92' lang='grc'>-</span> <span class='ocrx_word' id='word_1_564' title='bbox 207 2961 221 2985; x_wconf 95' lang='grc'>7</span> <span class='ocrx_word' id='word_1_565' title='bbox 236 2957 313 2987; x_wconf 86' lang='lat' dir='ltr'>Luc.</span> <span class='ocrx_word' id='word_1_566' title='bbox 329 2966 408 2991; x_wconf 50' lang='lat' dir='ltr'>xvh</span> <span class='ocrx_word' id='word_1_567' title='bbox 425 2958 458 2987; x_wconf 88' lang='lat'>9.</span> 
     </span>
    </p>
   </div>
   <div class='ocr_carea' id='block_1_18' title="bbox 97 3012 2210 3436">
    <p class='ocr_par' dir='ltr' id='par_1_19' title="bbox 97 3012 2210 3276">
     <span class='ocr_line' id='line_1_82' title="bbox 143 3012 2210 3060; baseline -0 -14"><span class='ocrx_word' id='word_1_568' title='bbox 143 3019 159 3036; x_wconf 56' lang='grc' dir='ltr'>ἃ</span> <span class='ocrx_word' id='word_1_569' title='bbox 180 3016 278 3048; x_wconf 83' lang='lat' dir='ltr'>Varia</span> <span class='ocrx_word' id='word_1_570' title='bbox 293 3016 351 3048; x_wconf 86' lang='lat' dir='ltr'>fuit</span> <span class='ocrx_word' id='word_1_571' title='bbox 366 3028 426 3060; x_wconf 92' lang='lat' dir='ltr'>pro</span> <span class='ocrx_word' id='word_1_572' title='bbox 442 3017 639 3060; x_wconf 85' lang='lat' dir='ltr'>temporibus</span> <span class='ocrx_word' id='word_1_573' title='bbox 653 3023 683 3049; x_wconf 85' lang='lat' dir='ltr'>et</span> <span class='ocrx_word' id='word_1_574' title='bbox 698 3016 773 3048; x_wconf 86' lang='lat' dir='ltr'>locis</span> <span class='ocrx_word' id='word_1_575' title='bbox 788 3016 870 3048; x_wconf 87' lang='lat' dir='ltr'>circa</span> <span class='ocrx_word' id='word_1_576' title='bbox 890 3014 1064 3047; x_wconf 85' lang='lat' dir='ltr'>monachos</span> <span class='ocrx_word' id='word_1_577' title='bbox 1082 3013 1312 3056; x_wconf 82' lang='lat' dir='ltr'>incorrigibiles</span> <span class='ocrx_word' id='word_1_578' title='bbox 1333 3012 1510 3055; x_wconf 88' lang='lat' dir='ltr'>disciplina.</span> <span class='ocrx_word' id='word_1_579' title='bbox 1542 3013 1720 3056; x_wconf 86' lang='lat' dir='ltr'>Ejiciendos</span> <span class='ocrx_word' id='word_1_580' title='bbox 1737 3014 1879 3057; x_wconf 65' lang='lat' dir='ltr'>praecipit</span> <span class='ocrx_word' id='word_1_581' title='bbox 1894 3016 2016 3058; x_wconf 80' lang='lat' dir='ltr'>Regula</span> <span class='ocrx_word' id='word_1_582' title='bbox 2038 3016 2135 3047; x_wconf 83' lang='lat' dir='ltr'>sancti</span> <span class='ocrx_word' id='word_1_583' title='bbox 2153 3018 2210 3046; x_wconf 86' lang='lat' dir='ltr'>Be-</span> 
     </span>
     <span class='ocr_line' id='line_1_83' title="bbox 97 3065 2209 3112; baseline 0.001 -16"><span class='ocrx_word' id='word_1_584' title='bbox 97 3065 221 3106; x_wconf 88' lang='lat' dir='ltr'>nedicti,</span> <span class='ocrx_word' id='word_1_585' title='bbox 237 3068 269 3099; x_wconf 90' lang='lat' dir='ltr'>in</span> <span class='ocrx_word' id='word_1_586' title='bbox 285 3079 379 3112; x_wconf 90' lang='lat' dir='ltr'>capp.</span> <span class='ocrx_word' id='word_1_587' title='bbox 399 3073 440 3101; x_wconf 87' lang='lat'>28</span> <span class='ocrx_word' id='word_1_588' title='bbox 458 3076 489 3101; x_wconf 92' lang='lat' dir='ltr'>et</span> <span class='ocrx_word' id='word_1_589' title='bbox 504 3073 561 3101; x_wconf 84' lang='lat'>29.</span> <span class='ocrx_word' id='word_1_590' title='bbox 578 3069 755 3102; x_wconf 83' lang='lat' dir='ltr'>Concilium</span> <span class='ocrx_word' id='word_1_591' title='bbox 772 3068 1038 3101; x_wconf 68' lang='lat' dir='ltr'>Cloveshoviense</span> <span class='ocrx_word' id='word_1_592' title='bbox 1054 3068 1128 3099; x_wconf 91' lang='lat' dir='ltr'>anni</span> <span class='ocrx_word' id='word_1_593' title='bbox 1144 3070 1208 3100; x_wconf 79' lang='lat'>747</span> <span class='ocrx_word' id='word_1_594' title='bbox 1226 3066 1353 3098; x_wconf 82' lang='lat' dir='ltr'>nonnisi</span> <span class='ocrx_word' id='word_1_595' title='bbox 1371 3077 1409 3097; x_wconf 80' lang='lat' dir='ltr'>ex</span> <span class='ocrx_word' id='word_1_596' title='bbox 1423 3066 1535 3108; x_wconf 72' lang='lat' dir='ltr'>synodi</span> <span class='ocrx_word' id='word_1_597' title='bbox 1549 3066 1674 3098; x_wconf 87' lang='lat' dir='ltr'>decreto</span> <span class='ocrx_word' id='word_1_598' title='bbox 1689 3067 1756 3098; x_wconf 82' lang='lat' dir='ltr'>sieri</span> <span class='ocrx_word' id='word_1_599' title='bbox 1776 3074 1863 3099; x_wconf 63' lang='lat' dir='ltr'>cavet</span> <span class='ocrx_word' id='word_1_600' title='bbox 1878 3079 1948 3099; x_wconf 81' lang='lat' dir='ltr'>can.</span> <span class='ocrx_word' id='word_1_601' title='bbox 1971 3072 2025 3100; x_wconf 70' lang='lat'>24.</span> <span class='ocrx_word' id='word_1_602' title='bbox 2043 3069 2114 3100; x_wconf 79' lang='lat' dir='ltr'>Alia</span> <span class='ocrx_word' id='word_1_603' title='bbox 2131 3069 2209 3099; x_wconf 86' lang='lat' dir='ltr'>ratio</span> 
     </span>
     <span class='ocr_line' id='line_1_84' title="bbox 98 3120 2209 3167; baseline 0 -17"><span class='ocrx_word' id='word_1_604' title='bbox 98 3126 144 3152; x_wconf 86' lang='lat' dir='ltr'>est</span> <span class='ocrx_word' id='word_1_605' title='bbox 160 3121 199 3153; x_wconf 89' lang='lat' dir='ltr'>de</span> <span class='ocrx_word' id='word_1_606' title='bbox 217 3124 512 3156; x_wconf 80' lang='lat' dir='ltr'>sanctimonialibus</span> <span class='ocrx_word' id='word_1_607' title='bbox 525 3149 532 3163; x_wconf 95' lang='lat'>‚</span> <span class='ocrx_word' id='word_1_608' title='bbox 554 3136 690 3167; x_wconf 87' lang='lat' dir='ltr'>quarum</span> <span class='ocrx_word' id='word_1_609' title='bbox 713 3135 776 3155; x_wconf 91' lang='lat' dir='ltr'>una</span> <span class='ocrx_word' id='word_1_610' title='bbox 792 3134 865 3155; x_wconf 86' lang='lat' dir='ltr'>cum</span> <span class='ocrx_word' id='word_1_611' title='bbox 884 3134 922 3154; x_wconf 79' lang='lat' dir='ltr'>ex</span> <span class='ocrx_word' id='word_1_612' title='bbox 945 3123 1137 3154; x_wconf 84' lang='lat' dir='ltr'>monasterio</span> <span class='ocrx_word' id='word_1_613' title='bbox 1153 3121 1306 3154; x_wconf 84' lang='lat' dir='ltr'>Mettensi</span> <span class='ocrx_word' id='word_1_614' title='bbox 1326 3124 1359 3154; x_wconf 92' lang='lat' dir='ltr'>S.</span> <span class='ocrx_word' id='word_1_615' title='bbox 1380 3120 1464 3152; x_wconf 88' lang='lat' dir='ltr'>Petri</span> <span class='ocrx_word' id='word_1_616' title='bbox 1491 3120 1631 3152; x_wconf 87' lang='lat' dir='ltr'>detracto</span> <span class='ocrx_word' id='word_1_617' title='bbox 1648 3121 1718 3152; x_wconf 64' lang='lat' dir='ltr'>velo</span> <span class='ocrx_word' id='word_1_618' title='bbox 1740 3121 1836 3162; x_wconf 82' lang='lat' dir='ltr'>ejecta</span> <span class='ocrx_word' id='word_1_619' title='bbox 1857 3121 1983 3158; x_wconf 79' lang='lat' dir='ltr'>suisset,</span> <span class='ocrx_word' id='word_1_620' title='bbox 2009 3121 2104 3163; x_wconf 84' lang='lat' dir='ltr'>recipi</span> <span class='ocrx_word' id='word_1_621' title='bbox 2139 3132 2209 3151; x_wconf 77' lang='lat' dir='ltr'>ussa</span> 
     </span>
     <span class='ocr_line' id='line_1_85' title="bbox 98 3174 2207 3221; baseline -0 -17"><span class='ocrx_word' id='word_1_622' title='bbox 98 3180 153 3211; x_wconf 73' lang='lat' dir='ltr'>est,</span> <span class='ocrx_word' id='word_1_623' title='bbox 169 3181 200 3207; x_wconf 89' lang='lat' dir='ltr'>et</span> <span class='ocrx_word' id='word_1_624' title='bbox 216 3191 229 3203; x_wconf 74' lang='grc' dir='ltr'>«ι</span> <span class='ocrx_word' id='word_1_625' title='bbox 250 3177 333 3209; x_wconf 87' lang='lat' dir='ltr'>intra</span> <span class='ocrx_word' id='word_1_626' title='bbox 357 3179 584 3211; x_wconf 87' lang='lat' dir='ltr'>monasterium</span> <span class='ocrx_word' id='word_1_627' title='bbox 608 3179 640 3210; x_wconf 90' lang='lat' dir='ltr'>in</span> <span class='ocrx_word' id='word_1_628' title='bbox 661 3179 819 3221; x_wconf 83' lang='lat' dir='ltr'>ergastulo</span> <span class='ocrx_word' id='word_1_629' title='bbox 840 3177 917 3220; x_wconf 87' lang='lat' dir='ltr'>poni</span> <span class='ocrx_word' id='word_1_630' title='bbox 939 3192 952 3204; x_wconf 90' lang='lat'>»</span> <span class='ocrx_word' id='word_1_631' title='bbox 969 3177 1096 3208; x_wconf 84' lang='lat' dir='ltr'>decreto</span> <span class='ocrx_word' id='word_1_632' title='bbox 1112 3175 1223 3219; x_wconf 70' lang='lat' dir='ltr'>synodi</span> <span class='ocrx_word' id='word_1_633' title='bbox 1241 3175 1408 3206; x_wconf 80' lang='lat' dir='ltr'>Mettensis</span> <span class='ocrx_word' id='word_1_634' title='bbox 1421 3184 1504 3205; x_wconf 90' lang='lat' dir='ltr'>anno</span> <span class='ocrx_word' id='word_1_635' title='bbox 1523 3176 1602 3211; x_wconf 89' lang='lat'>888,</span> <span class='ocrx_word' id='word_1_636' title='bbox 1623 3185 1692 3205; x_wconf 88' lang='lat' dir='ltr'>can.</span> <span class='ocrx_word' id='word_1_637' title='bbox 1710 3177 1742 3206; x_wconf 91' lang='lat'>9.</span> <span class='ocrx_word' id='word_1_638' title='bbox 1759 3175 1908 3207; x_wconf 85' lang='lat' dir='ltr'>Cauonici</span> <span class='ocrx_word' id='word_1_639' title='bbox 1924 3175 2080 3217; x_wconf 70' lang='lat' dir='ltr'>regulares</span> <span class='ocrx_word' id='word_1_640' title='bbox 2092 3174 2207 3204; x_wconf 70' lang='lat' dir='ltr'>sfrculo</span> 
     </span>
     <span class='ocr_line' id='line_1_86' title="bbox 99 3226 1240 3276; baseline 0.002 -18"><span class='ocrx_word' id='word_1_641' title='bbox 99 3226 282 3262; x_wconf 89' lang='lat' dir='ltr'>duodecimo</span> <span class='ocrx_word' id='word_1_642' title='bbox 301 3232 558 3274; x_wconf 84' lang='lat' dir='ltr'>projiciebantur,</span> <span class='ocrx_word' id='word_1_643' title='bbox 578 3244 617 3264; x_wconf 82' lang='lat' dir='ltr'>ex</span> <span class='ocrx_word' id='word_1_644' title='bbox 633 3232 766 3276; x_wconf 81' lang='lat' dir='ltr'>epistola</span> <span class='ocrx_word' id='word_1_645' title='bbox 785 3235 825 3264; x_wconf 88' lang='lat'>38</span> <span class='ocrx_word' id='word_1_646' title='bbox 846 3231 997 3274; x_wconf 84' lang='lat' dir='ltr'>Stephani</span> <span class='ocrx_word' id='word_1_647' title='bbox 1018 3230 1240 3262; x_wconf 84' lang='lat' dir='ltr'>Tornacensis.</span> 
     </span>
    </p>

    <p class='ocr_par' dir='ltr' id='par_1_20' title="bbox 145 3274 1115 3330">
     <span class='ocr_line' id='line_1_87' title="bbox 145 3274 1115 3330; baseline 0.001 -16"><span class='ocrx_word' id='word_1_648' title='bbox 145 3274 162 3298; x_wconf 70' lang='lat' dir='ltr'>b</span> <span class='ocrx_word' id='word_1_649' title='bbox 177 3284 310 3316; x_wconf 88' lang='lat' dir='ltr'>Addunt</span> <span class='ocrx_word' id='word_1_650' title='bbox 328 3286 422 3324; x_wconf 82' lang='lat' dir='ltr'>editi,</span> <span class='ocrx_word' id='word_1_651' title='bbox 441 3287 592 3330; x_wconf 78' lang='lat' dir='ltr'>ejectione</span> <span class='ocrx_word' id='word_1_652' title='bbox 606 3299 618 3323; x_wconf 85' lang='lat'>,·</span> <span class='ocrx_word' id='word_1_653' title='bbox 642 3287 697 3318; x_wconf 90' lang='lat' dir='ltr'>sed</span> <span class='ocrx_word' id='word_1_654' title='bbox 719 3287 807 3318; x_wconf 85' lang='lat' dir='ltr'>deest</span> <span class='ocrx_word' id='word_1_655' title='bbox 831 3286 862 3317; x_wconf 87' lang='lat' dir='ltr'>in</span> <span class='ocrx_word' id='word_1_656' title='bbox 882 3285 1115 3328; x_wconf 83' lang='lat' dir='ltr'>manuscriptis.</span> 
     </span>
    </p>

    <p class='ocr_par' dir='ltr' id='par_1_21' title="bbox 100 3332 2200 3436">
     <span class='ocr_line' id='line_1_88' title="bbox 145 3332 2200 3382; baseline -0.003 -14"><span class='ocrx_word' id='word_1_657' title='bbox 145 3341 158 3356; x_wconf 71' lang='lat'>⁰</span> <span class='ocrx_word' id='word_1_658' title='bbox 172 3336 221 3368; x_wconf 90' lang='lat' dir='ltr'>Sic</span> <span class='ocrx_word' id='word_1_659' title='bbox 240 3338 348 3369; x_wconf 84' lang='lat' dir='ltr'>titulus</span> <span class='ocrx_word' id='word_1_660' title='bbox 361 3339 393 3370; x_wconf 92' lang='lat' dir='ltr'>in</span> <span class='ocrx_word' id='word_1_661' title='bbox 413 3339 537 3371; x_wconf 88' lang='lat' dir='ltr'>duobus</span> <span class='ocrx_word' id='word_1_662' title='bbox 552 3340 712 3372; x_wconf 84' lang='lat' dir='ltr'>Vaticanis</span> <span class='ocrx_word' id='word_1_663' title='bbox 731 3346 761 3371; x_wconf 88' lang='lat' dir='ltr'>et</span> <span class='ocrx_word' id='word_1_664' title='bbox 781 3340 813 3371; x_wconf 91' lang='lat' dir='ltr'>in</span> <span class='ocrx_word' id='word_1_665' title='bbox 830 3338 1022 3382; x_wconf 85' lang='lat' dir='ltr'>quibusdam</span> <span class='ocrx_word' id='word_1_666' title='bbox 1045 3337 1173 3369; x_wconf 79' lang='lat' dir='ltr'>nostris.</span> <span class='ocrx_word' id='word_1_667' title='bbox 1196 3341 1233 3369; x_wconf 86' lang='lat' dir='ltr'>In</span> <span class='ocrx_word' id='word_1_668' title='bbox 1252 3336 1474 3378; x_wconf 77' lang='lat' dir='ltr'>manuscriptis</span> <span class='ocrx_word' id='word_1_669' title='bbox 1492 3336 1749 3368; x_wconf 61' lang='lat' dir='ltr'>cistercie11÷ilms</span> <span class='ocrx_word' id='word_1_670' title='bbox 1771 3336 1964 3371; x_wconf 81' lang='lat' dir='ltr'>inscribitur,</span> <span class='ocrx_word' id='word_1_671' title='bbox 1984 3332 2039 3364; x_wconf 47' lang='lat' dir='ltr'>All</span> <span class='ocrx_word' id='word_1_672' title='bbox 2058 3332 2200 3363; x_wconf 66' lang='lat' dir='ltr'>Amicum</span> 
     </span>
     <span class='ocr_line' id='line_1_89' title="bbox 100 3387 1915 3436; baseline 0 -18"><span class='ocrx_word' id='word_1_673' title='bbox 100 3387 332 3423; x_wconf 60' lang='lat' dir='ltr'>exhortator-ia.</span> <span class='ocrx_word' id='word_1_674' title='bbox 351 3395 397 3424; x_wconf 81' lang='lat' dir='ltr'>Ex</span> <span class='ocrx_word' id='word_1_675' title='bbox 414 3392 476 3424; x_wconf 76' lang='lat' dir='ltr'>fine</span> <span class='ocrx_word' id='word_1_676' title='bbox 496 3404 570 3425; x_wconf 68' lang='lat' dir='ltr'>vero</span> <span class='ocrx_word' id='word_1_677' title='bbox 587 3393 726 3436; x_wconf 59' lang='lat' dir='ltr'>epistola?</span> <span class='ocrx_word' id='word_1_678' title='bbox 752 3396 814 3425; x_wconf 82' lang='grc'>106</span> <span class='ocrx_word' id='word_1_679' title='bbox 830 3392 1015 3434; x_wconf 83' lang='lat' dir='ltr'>conjicimus</span> <span class='ocrx_word' id='word_1_680' title='bbox 1030 3402 1097 3423; x_wconf 85' lang='lat' dir='ltr'>esse</span> <span class='ocrx_word' id='word_1_681' title='bbox 1116 3394 1243 3422; x_wconf 77' lang='lat' dir='ltr'>[venem</span> <span class='ocrx_word' id='word_1_682' title='bbox 1258 3416 1265 3431; x_wconf 87' lang='lat'>‚</span> <span class='ocrx_word' id='word_1_683' title='bbox 1289 3391 1342 3432; x_wconf 92' lang='lat' dir='ltr'>qui</span> <span class='ocrx_word' id='word_1_684' title='bbox 1361 3390 1452 3421; x_wconf 88' lang='lat' dir='ltr'>simul</span> <span class='ocrx_word' id='word_1_685' title='bbox 1467 3401 1538 3421; x_wconf 91' lang='lat' dir='ltr'>cum</span> <span class='ocrx_word' id='word_1_686' title='bbox 1556 3390 1716 3421; x_wconf 66' lang='lat' dir='ltr'>Willelmo</span> <span class='ocrx_word' id='word_1_687' title='bbox 1738 3388 1915 3419; x_wconf 79' lang='lat' dir='ltr'>subscribit.</span> 
     </span>
    </p>
   </div>
  </div>
 </body>
</html>
