2517 3920
319 166 394 227 859
819 189 868 222 IN
898 188 1076 222 TOMUM
1106 187 1303 223 PRIMUM
1334 186 1540 222 OPERUM
1569 186 1604 220 S.
1637 184 1890 218 BERNARDI
2322 182 2398 219 860

316 269 397 299 Vide
417 267 541 299 Acherii
566 267 664 298 nostri
688 271 778 297 notas
799 265 839 296 ad
866 269 971 307 Opera
991 264 1135 296 Guiberti
1158 264 1196 295 de
1221 263 1320 295 Noxi-

317 327 409 362 gento
424 345 431 359 ,
451 332 520 362 pag.
544 324 610 351 653
630 331 698 361 sqq.

367 377 431 405 243
454 378 493 405 D.
520 386 560 404 AD
580 385 729 403 ABBATEM
757 385 781 403 s.
804 383 943 402 somn-15
962 381 1194 402 CARNOTENSIS.
1218 372 1322 399 —In-

319 427 414 458 dubie
447 427 658 469 Stephanum,
688 427 740 468 qui
763 438 801 457 cx
827 425 940 456 abbate
962 423 1212 455 Sancti-Joannis
1238 421 1323 463 apud

320 482 526 512 Carnutenses
546 481 674 511 Ordinis
698 483 728 512 S.
753 479 936 521 Augustini,
960 479 1056 509 sactus
1079 483 1124 508 est
1147 475 1322 518 patriarcha

319 535 585 576 Jerosolymorum
607 535 732 565 ineunte
754 544 836 564 anno
866 536 876 564 1
893 536 951 563 128
967 556 974 569 ‚
997 538 1066 573 post
1084 530 1298 563 Germundum
1314 553 1321 568 ,

320 593 396 618 teste
414 589 564 619 Orderico
586 588 680 619 Vitali
697 587 754 617 sub
774 587 867 617 linem
892 586 964 616 libri
991 588 1042 615 12.
1071 584 1155 615 Idem
1177 584 1323 625 epistolas

320 642 448 672 Fulconi
475 642 715 683 Andegavorum
735 640 840 671 comiti
869 649 925 681 per
952 639 1145 669 VVillelmum
1171 638 1210 667 de
1236 636 1325 667 Buris

321 695 438 726 misisse
456 696 637 737 perhibetur
649 695 681 725 in
695 700 779 725 tomo
793 694 884 724 tertio
900 692 1121 723 Analectorum
1135 715 1141 725 .
1160 701 1229 732 pag.
1242 692 1322 720 335.

322 749 437 779 Confer
453 749 598 790 epistolas
616 752 656 779 35
683 754 713 778 et
738 751 780 778 82
794 771 801 783 ‚
828 752 921 787 atque
944 745 1149 787 Papebrochii
1168 743 1325 775 Praefatio-

321 813 392 833 nem
409 803 447 833 de
460 802 643 833 Pan-iarchis
656 801 922 842 Jerosolymitanis
937 799 976 830 ad
992 799 1070 830 Maii
1084 805 1202 829 tomum
1220 800 1252 828 3.

371 858 435 886 244
454 859 488 887 B.
507 858 619 886 Ursum
635 855 780 885 abbatem
800 852 1073 894 Sancti-Dionysii.
1095 870 1137 874 ——
1156 854 1255 882 Ursus
1269 862 1323 881 sen

322 909 414 938 Ursio
428 932 434 942 ,
454 908 549 938 abbas
567 908 691 948 quintus
715 906 974 947 Sancti-Dionysii
999 905 1083 947 apud
1101 908 1216 936 Remos
1233 915 1323 935 cano-

320 961 458 991 nicorum
494 961 677 1002 regularium
714 960 842 991 Ordinis
873 962 902 989 S.
941 958 1127 999 Augustini,
1159 958 1322 1000 episcopus

320 1020 426 1054 postea
446 1013 671 1050 Virdunensis,
692 1012 730 1042 de
751 1023 812 1053 quo
833 1013 863 1042 in
883 1012 1037 1053 spicilegii
1065 1018 1150 1042 tomo
1177 1015 1228 1048 12,
1249 1023 1318 1053 pag.

320 1069 397 1097 312.
421 1066 480 1097 Hic
505 1066 544 1096 ad
571 1066 801 1096 Virdunensem
821 1065 1000 1096 cathedram
1029 1071 1216 1107 provectus,
1238 1076 1320 1096 anno

323 1122 331 1149 1
347 1121 408 1149 129
421 1143 427 1155 ,
447 1130 655 1150 successorem
673 1119 755 1160 apud
771 1119 1117 1161 Sanctum-Dionysium
1134 1118 1242 1150 habuit
1257 1119 1322 1150 Gil-

316 1172 486 1209 lebertum;
520 1174 573 1204 sed
599 1173 718 1215 abjecta
741 1174 889 1215 dignitate
909 1173 947 1204 ad
971 1184 1042 1204 suos
1068 1173 1194 1204 tandem
1220 1184 1322 1205 rever-

316 1237 368 1257 sus
384 1251 391 1263 ,
415 1226 547 1257 abbatise
561 1228 697 1268 regimen
712 1228 814 1258 denuo
828 1227 993 1269 resumpsit
1013 1237 1019 1257 :
1040 1227 1125 1268 apud
1147 1228 1318 1258 'Marlotum

315 1279 346 1310 in
370 1281 555 1322 Metropolis
584 1282 746 1312 Remensis
769 1287 853 1312 tomo
873 1285 905 1319 2,
925 1292 994 1323 pag.
1027 1284 1101 1311 152.
1121 1284 1156 1311 In
1173 1282 1320 1312 Necrolo-

315 1334 363 1375 gio
388 1334 521 1365 abbatiae
542 1346 604 1365 suffe
623 1350 634 1361 «
652 1335 744 1366 Ursio
764 1336 823 1377 pire
849 1335 1006 1366 memorias
1025 1334 1123 1365 abbas
1145 1349 1157 1360 >a
1175 1334 1320 1365 laudatur

315 1395 427 1428 quarto
446 1389 593 1419 kalendas
611 1390 727 1420 martii.

364 1438 428 1466 245
457 1437 490 1467 C.
516 1448 557 1466 ΑΙ)
582 1448 734 1467 SIMONEM
762 1448 911 1467 ΑΒΒΑΤΞΜ
939 1448 963 1467 s.
999 1448 1143 1467 Niconu.
1165 1455 1210 1458 -—
1228 1439 1257 1466 Is
1281 1447 1319 1468 ex

315 1490 466 1521 monacho
485 1491 720 1523 Sancti-Nicasii
748 1491 831 1533 apud
859 1494 994 1529 Remos,
1032 1491 1129 1522 sactus
1153 1497 1198 1522 est
1221 1491 1319 1523 abbas

314 1544 553 1575 Sancti-Nicolai
578 1545 610 1575 in
637 1546 713 1575 silva
738 1545 892 1586 Vedogii,
921 1545 1060 1576 dioecesis
1078 1545 1314 1584 Laudunensis,

313 1597 352 1628 dc
371 1609 433 1639 quo
451 1602 649 1630 Hermannus
672 1599 842 1630 monachus
869 1599 1083 1630 Laudunensis
1103 1600 1134 1630 in
1155 1599 1235 1630 libro
1255 1607 1318 1631 ter-

312 1650 356 1681 tio
370 1651 408 1682 de
421 1652 579 1683 Miraculis
595 1656 629 1684 B.
646 1654 769 1689 Mariae,
789 1664 856 1695 cap.
880 1656 931 1685 18.
951 1656 1059 1685 Frater
1076 1661 1141 1685 erat
1159 1654 1319 1686 Guillelmi

315 1704 437 1735 abbatis
455 1707 758 1738 sancti-Theoderici
773 1732 780 1745 ,
809 1708 847 1738 de
865 1719 926 1749 quo
948 1719 1041 1750 supra
1059 1708 1090 1738 in
1117 1709 1255 1751 epistolis
1273 1713 1315 1741 85

313 1765 342 1789 et
362 1763 414 1789 86.
436 1759 518 1790 Vide
539 1760 634 1797 infra,
654 1767 739 1792 tomo
765 1761 895 1802 quinte,
921 1762 1181 1793 Admonitionem
1200 1763 1232 1794 in
1256 1764 1319 1806 epi-

311 1813 421 1843 stolam
441 1824 495 1843 seu
517 1814 632 1844 librum
651 1814 689 1845 ad
709 1818 832 1846 Fratres
851 1815 889 1846 de
907 1816 1103 1847 Monte-Dei.

359 1869 424 1898 245
440 1870 475 1899 C.
492 1869 751 1900 Pei-secutionem.
773 1888 817 1892 —-
836 1873 904 1900 Huc
925 1871 1017 1901 etiam
1032 1877 1150 1912 spectat
1166 1871 1219 1901 illa
1242 1882 1313 1913 per⁶

311 1922 426 1952 secutio
438 1946 445 1956 .
464 1933 557 1963 quam
576 1934 681 1964 passus
702 1930 745 1954 est
762 1924 868 1954 Simon
887 1935 903 1954 a
917 1924 1076 1955 monachis
1092 1924 1153 1955 suis
1170 1931 1315 1966 propter-

310 1985 344 2005 ea
378 1975 462 2016 quod
493 1976 600 2007 altaria
626 1977 768 2018 quiedam
797 1978 873 2019 (sic
905 1978 1122 2020 parochiarum
1146 1990 1235 2010 curas
1264 1990 1316 2021 ap-

311 2029 469 2069 pellabant
489 2029 501 2070 )
541 2030 685 2072 episcopo
718 2031 917 2062 Atrebatensi
949 2031 990 2062 ob
1030 2033 1170 2063 simoniae
1209 2039 1316 2064 notam

310 2082 502 2123 resignasset.
518 2084 660 2125 Legimus
677 2084 733 2116 hac
757 2085 794 2115 de
814 2097 847 2116 re
868 2086 985 2117 litteras
1002 2086 1159 2117 Samsonis
1183 2091 1317 2118 Remen-

310 2135 349 2165 sis
364 2142 392 2166 et
407 2137 523 2167 Joslcui
538 2138 763 2169 Suessionensis
778 2140 970 2181 pontificum,
985 2140 1024 2171 ad
1040 2141 1255 2172 Innocentium
1272 2144 1313 2180 Il,

310 2189 362 2229 qui
388 2200 440 2219 cos
458 2189 543 2221 istius
566 2202 663 2221 causa·
687 2191 819 2223 arbitros
851 2192 1067 2233 designaverat
1091 2204 1098 2224 τ
1128 2194 1257 2235 legimus
1286 2201 1315 2225 et

309 2241 384 2272 alias
402 2243 530 2284 Eugcnii
551 2247 597 2274 III
621 2244 659 2275 ad
678 2245 941 2277 Bartholomaeum
968 2246 1206 2278 Landunensem
1220 2273 1227 2286 ‚
1250 2249 1317 2290 qui-

310 2294 367 2325 bus
392 2296 542 2337 significat
564 2308 595 2328 se
624 2309 748 2329 causam
774 2300 833 2331 litis
859 2300 938 2331 inter
964 2301 1107 2332 Alxisuin
1133 2302 1315 2344 episcopum

311 2349 548 2381 Atrebutcnsem
574 2358 603 2382 et
630 2355 669 2383 G.
689 2352 835 2384 abbatem
856 2355 1101 2386 Sancti-Nicolai
1125 2362 1217 2386 mota*
1237 2356 1316 2387 velle

309 2412 505 2443 cognoscere.
529 2408 566 2435 In
583 2405 692 2437 litteris
713 2408 869 2438 Samsonis
894 2408 933 2439 ad
959 2410 1179 2440 Innocentium
1202 2410 1316 2441 dicitur

309 2456 405 2487 abbas
419 2457 545 2496 Simon,
571 2474 582 2485 «
602 2460 672 2500 quia
692 2461 834 2492 monachi
856 2462 900 2492 sui
915 2473 986 2493 cum
1002 2474 1039 2493 eo
1060 2474 1124 2493 non
1144 2464 1317 2494 consentie-

310 2525 322 2536 »ι
337 2510 412 2541 bant
432 2518 464 2542 ut
484 2513 591 2543 altaria
613 2513 665 2544 illa
691 2515 854 2553 redderet,
876 2516 1035 2557 aliquanto
1056 2522 1198 2558 tempore
1218 2517 1317 2548 abba-

310 2577 322 2588 n
342 2562 417 2593 tiam
441 2563 611 2603 dimisisse,
634 2572 663 2596 et
689 2566 721 2596 in
747 2567 949 2609 longinquam
966 2569 1125 2610 regionem
1149 2569 1279 2608 abiisse;
1302 2585 1315 2598 ιι

309 2616 362 2646 sed
379 2617 503 2648 tandem
527 2629 543 2648 a
565 2620 628 2649 suis
647 2628 847 2659 revocatum,
875 2637 886 2648 «
915 2623 1011 2663 magis
1035 2623 1221 2665 eligentibus
1237 2648 1245 2662 ,
1271 2625 1316 2655 al-

312 2685 323 2695 ..
342 2669 459 2701 taribus
472 2671 530 2702 illis
551 2684 644 2714 qnam
662 2674 775 2706 abbate
791 2686 846 2706 suo
861 2677 940 2707 velle
954 2687 1070 2708 carere.
1090 2692 1102 2703 »
1119 2678 1212 2708 Unde
1232 2678 1317 2709 colli-

310 2722 390 2762 gitur
409 2730 474 2754 tum
495 2725 651 2768 integritas
675 2734 705 2758 et
722 2729 863 2770 probitas
883 2729 1018 2761 Simonis
1031 2755 1038 2767 ,
1058 2731 1115 2761 sub
1132 2741 1194 2772 quo
1208 2742 1316 2762 mona-

310 2777 436 2807 sterium
456 2792 467 2803 «
493 2779 639 2820 religione
666 2788 695 2812 et
716 2782 899 2814 multimoda
924 2785 1118 2825 possessione
1140 2800 1152 2811 ι)
1175 2785 1320 2816 floruisse

313 2827 424 2859 dicitur
437 2830 476 2860 ab
495 2834 674 2864 Hermanno
692 2845 698 2865 :
715 2841 780 2866 tum
796 2843 918 2878 tempus
932 2838 1054 2880 scriptae
1068 2839 1218 2881 epistolae,
1234 2839 1318 2871 haud

314 2881 408 2913 dubie
433 2890 503 2914 ante
531 2889 704 2918 Innocentii
725 2890 939 2930 pontificatum
954 2916 961 2929 ,
983 2892 1012 2922 id
1040 2899 1085 2923 est
1110 2899 1182 2923 ante
1201 2904 1319 2924 annum

319 2937 415 2965 1130.
440 2939 487 2966 De
514 2938 685 2971 Gilleberto
710 2942 843 2973 Simonis
863 2955 1039 2976 successore
1060 2946 1130 2977 vide
1151 2947 1190 2978 ad
1207 2948 1319 2989 episto-

313 2987 374 3018 lam
390 2999 471 3019 nunc
487 2993 563 3021 399.

362 3037 427 3066 247
457 3038 492 3067 C.
519 3041 554 3067 In
584 3038 735 3070 similibus
755 3042 837 3072 enim
857 3042 953 3075 factis.
975 3064 1019 3067 —
1044 3049 1085 3078 At
1113 3047 1226 3078 similia
1255 3060 1319 3080 non

312 3094 402 3126 sunt3
426 3100 499 3119 nam
524 3091 693 3122 secundum
718 3093 939 3137 philosophos,
960 3109 1060 3129 causae
1086 3100 1192 3132 finales
1217 3108 1246 3133 et
1260 3103 1318 3133 im-

312 3143 440 3184 pulsivce
460 3143 577 3176 faciunt
602 3146 760 3178 actionum
778 3149 968 3182 discrimina.
991 3156 1099 3195 Itaque
1122 3156 1233 3187 similia
1251 3164 1319 3189 tan-

312 3203 378 3227 tum
391 3203 460 3227 sunt
476 3198 506 3227 in
524 3209 635 3239 genere
650 3201 729 3231 entis
743 3226 749 3236 ,
770 3209 803 3233 ut
830 3214 900 3234 cmn
919 3205 1027 3236 iisdem
1045 3207 1211 3249 loquamur
1227 3236 1233 3247 ,
1255 3223 1319 3243 non

313 3250 344 3281 in
361 3262 473 3292 genere
499 3253 603 3284 moris.
633 3254 693 3285 Sed
719 3255 778 3286 hoc
796 3257 919 3287 axioma
946 3259 1101 3299 eleganter
1121 3271 1319 3296 enarrantem

314 3304 523 3345 Augustinum
545 3307 718 3339 audiamus.
739 3323 752 3335 «
776 3311 853 3341 Cum
870 3310 965 3349 boni,
989 3327 1000 3337 n
1026 3312 1144 3354 inquit,
1163 3331 1174 3341 «
1191 3323 1218 3347 ct
1245 3319 1318 3349 mali

315 3372 327 3384 »
345 3358 452 3389 eadem
468 3358 602 3399 faciunt,
619 3361 791 3404 cademque
812 3364 992 3405 patiuntur3
1014 3377 1076 3397 non
1101 3367 1186 3399 taem
1204 3377 1231 3401 ct
1252 3382 1317 3413 poe-

1394 277 1406 289 »
1422 263 1469 293 nis
1482 287 1489 300 ,
1507 262 1560 293 sed
1577 260 1676 292 causis
1694 260 1801 300 utique
1827 257 2023 288 discernendi
2049 263 2131 288 sunt.
2158 258 2280 290 Pharao
2301 270 2398 302 popu-

1393 331 1406 342 »
1427 315 1489 345 lum
1516 315 1573 345 Dei
1601 313 1686 344 duris
1713 312 1874 343 laboribus
1898 311 2069 347 atterebat;
2104 314 2232 353 Moyses
2254 314 2398 347 eumdem

1393 383 1405 395 »
1428 368 1578 410 populum
1595 367 1688 408 impie
1702 372 1843 407 agentem
1868 364 1953 395 duris
1973 364 2214 396 coercitionibus
2228 366 2396 408 affligebat.

1393 436 1405 448 »
1424 422 1539 452 Similia
1555 420 1693 451 fecerunt
1707 444 1714 457 ,
1734 419 1787 450 sed
1805 430 1868 449 non
1884 418 2026 449 similiter
2039 419 2187 460 prodesse
2201 420 2367 453 voluerunt
2389 433 2396 454 :

1391 475 1471 505 »ille
1497 474 1710 504 dominatione
1740 472 1884 510 inflatus,
1915 474 1972 503 iste
1997 472 2166 505 dilectione
2189 473 2398 508 inflammatus

1393 544 1404 555 »
1425 535 1480 559 est.
1501 528 1629 558 Jezahel
1646 526 1758 557 occidit
1776 527 1947 568 Prophetas
1961 538 1968 564 3
1985 526 2070 557 Elias
2083 527 2196 559 occidit
2209 528 2399 572 pseudopro-

1392 596 1404 608 »
1419 581 1539 623 phetas.
1559 584 1639 611 Puto
1659 580 1744 621 quod
1766 580 1889 611 diversa
1913 581 1975 611 sint
1996 580 2106 612 merita
2125 581 2304 613 facientium
2318 607 2326 621 ‚
2351 583 2398 616 di-

1393 650 1404 662 »
1426 645 1514 666 versa
1545 645 1718 676 passorum.
1746 634 1861 676 Aspice
1897 634 1992 666 etiam
2020 640 2163 677 tempora
2188 635 2262 666 novi
2293 639 2400 669 Testa-

1395 703 1408 715 „
1426 688 1542 726 menti,
1581 687 1707 728 quando
1732 688 1796 730 jam
1817 688 1883 730 ipsa
1915 688 2124 720 mansuetudo
2152 688 2313 722 charitatis
2334 701 2398 722 non

1395 756 1408 768 »
1427 742 1528 772 solum
1550 741 1582 771 in
1604 741 1699 772 corde
1727 748 1793 772 erat
1822 742 1993 780 servanda,
2026 753 2136 774 verum
2160 743 2255 774 etiam
2282 744 2316 775 in
2332 744 2399 777 luce

1395 810 1407 821 n
1429 794 1650 832 monstranda;
1671 795 1798 836 quando
1824 796 1907 827 Petri
1925 796 2045 838 gladius
2058 797 2091 828 in
2108 797 2254 839 vaginam
2270 809 2398 830 revoca-

1395 864 1407 875 »
1428 854 1480 878 tur
1497 858 1513 878 a
1538 847 1662 878 Christo
1677 872 1684 885 ,
1711 854 1741 878 et
1769 848 1945 880 ostenditur
1966 860 2031 880 non
2055 849 2201 882 debuisse
2227 851 2265 882 de
2288 851 2400 893 vagina

1395 901 1519 932 »eximi
1545 912 1602 931 nec
1632 912 1690 944 pro
1719 901 1855 933 Christo.
1878 903 2022 944 Legimus
2044 909 2150 935 tamen
2175 916 2239 936 non
2271 905 2371 936 solum
2387 930 2396 943 ,

1394 956 1507 997 »qnod
1540 955 1729 987 caeciderunt
1757 956 1860 987 Judaei
1888 958 2021 988 Paulum
2053 959 2231 1000 apostolum
2250 983 2258 997 ,
2290 946 2398 990 rerum

1393 1024 1406 1036 »
1428 1010 1521 1040 etiam
1542 1009 1627 1051 quod
1656 1010 1843 1041 caeciderunt
1864 1017 1894 1042 et
1914 1011 2017 1042 Graeci
2043 1022 2102 1053 pro
2131 1012 2229 1043 Paulo
2256 1013 2398 1054 apostolo

1393 1077 1405 1088 »
1423 1061 1607 1093 Sosthenem
1621 1066 1639 1094 J
1644 1062 1767 1093 udaemn
1783 1073 1790 1093 :
1803 1074 1908 1094 nonne
1924 1063 2093 1095 similitudo
2108 1063 2180 1095 facti
2195 1065 2283 1106 quasi
2301 1071 2400 1096 utros—

1393 1130 1405 1141 »
1425 1126 1486 1156 qne
1504 1115 1685 1157 conjungit,
1708 1121 1738 1146 et
1759 1121 1865 1147 tamen
1891 1127 1944 1147 eos
1966 1127 2067 1147 cansae
2094 1116 2312 1148 dissimilitudo
2333 1116 2399 1148 dis-

1392 1183 1404 1194 υ
1423 1168 1543 1200 cernit?
1564 1171 1686 1211 Nempe
1708 1172 1793 1200 Deus
1813 1167 1942 1211 proprio
1964 1169 2042 1200 Filio
2071 1180 2135 1201 non
2159 1170 2321 1212 pepercit,
2342 1170 2397 1202 sed

1388 1236 1400 1247 »
1418 1232 1476 1262 pro
1494 1222 1584 1253 nobis
1602 1222 1748 1253 omnibus
1764 1223 1893 1254 tradidit
1910 1223 1997 1254 ilium
2022 1234 2030 1254 ε
2052 1234 2166 1266 nempe
2179 1223 2218 1255 de
2236 1224 2315 1255 Filio
2329 1224 2396 1266 ipso

1391 1289 1403 1301 »
1422 1274 1536 1306 dicitur
1549 1299 1556 1313 ‚
1575 1275 1634 1316 Qui
1648 1287 1695 1305 me
1711 1274 1834 1313 dilexit,
1856 1284 1885 1307 et
1900 1274 2033 1307 tradidit
2047 1278 2309 1322 semetipsumpro
2324 1288 2371 1307 me
2389 1289 2401 1308 .·

1390 1338 1530 1370 »nempe
1545 1335 1574 1360 et
1598 1328 1636 1360 de
1654 1329 1737 1361 Juda
1755 1329 1888 1369 dicitur,
1918 1329 2003 1371 quod
2016 1329 2172 1362 introierit
2198 1330 2231 1361 in
2255 1341 2327 1361 eum
2349 1341 2397 1362 sa-

1387 1395 1399 1407 »
1418 1387 1526 1419 tanas,
1550 1388 1583 1413 ut
1604 1382 1741 1413 traderet
1771 1382 1939 1415 Christum.
1968 1384 2046 1414 Cum
2070 1393 2143 1425 ergo
2172 1389 2203 1415 et
2222 1386 2314 1414 Pater
2335 1389 2398 1414 tra-

1386 1450 1401 1460 »
1422 1435 1536 1467 diderit
1563 1436 1675 1467 Filium
1698 1448 1800 1475 suum,
1824 1443 1855 1468 et
1868 1437 1933 1479 ipse
1947 1437 2092 1469 Christus
2111 1447 2224 1479 corpus
2236 1447 2326 1468 suum
2340 1461 2348 1475 ‚
2368 1443 2400 1468 et

1387 1506 1401 1517 υ
1415 1494 1434 1523 J
1438 1491 1513 1522 udas
1537 1491 1709 1522 Dominum
1728 1502 1818 1522 sumn
1834 1503 1841 1529 ;
1858 1503 1914 1523 cur
1934 1491 1966 1522 in
1982 1491 2041 1523 hac
2063 1491 2231 1522 traditione
2246 1494 2333 1522 Dens
2353 1497 2400 1522 est

1388 1560 1401 1571 n
1414 1545 1495 1587 pius,
1521 1551 1552 1576 et
1574 1544 1669 1576 homo
1686 1555 1757 1576 reus
1768 1569 1775 1583 ,
1792 1545 1851 1576 nisi
1869 1545 1940 1586 quia
1958 1545 1989 1576 in
2003 1556 2037 1576 re
2051 1555 2112 1576 nna
2132 1555 2226 1586 quam
2242 1544 2395 1579 fecerunt.

1385 1613 1400 1624 >›
1415 1609 1507 1629 causa
1520 1609 1584 1629 non
1601 1609 1663 1629 una
1680 1604 1726 1629 est
1740 1598 1781 1629 ob
1798 1609 1891 1640 quam
1912 1598 2051 1630 fecerunt
2066 1600 2080 1629 Ξ)
2100 1613 2112 1625 n
2133 1600 2171 1629 Et
2186 1603 2257 1640 post
2270 1597 2395 1629 inducta

1384 1646 1474 1687 plura
1490 1646 1633 1688 exempla
1647 1670 1653 1683 ,
1681 1645 1808 1676 tandem
1829 1645 1988 1688 subjungit
2003 1656 2011 1677 :
2032 1660 2048 1672 «
2065 1645 2226 1676 Discamus
2244 1644 2278 1675 in
2291 1644 2399 1675 simili-

1385 1714 1398 1725 »
1417 1699 1526 1730 tudine
1548 1710 1678 1741 operum
1692 1723 1699 1737 ‚
1724 1699 1901 1730 discernere
1924 1699 2045 1730 animos
2071 1698 2280 1741 operantium.
2306 1714 2320 1724 n
2347 1702 2396 1730 Ita

1383 1754 1414 1784 S.
1433 1752 1625 1794 Augustinus
1640 1777 1647 1791 ,
1670 1752 1760 1794 epist.
1777 1755 1834 1791 93,
1853 1763 1907 1783 nn.
1928 1756 1961 1790 6,
1979 1755 2012 1784 7.

1437 1829 1500 1859 248
1532 1830 1572 1859 A.
1602 1839 1643 1856 An
1676 1838 1821 1857 nemnem
1849 1837 2094 1867 animumn-M.
2126 1843 2173 1848 —
2199 1824 2398 1857 Venerabilis

1386 1880 1589 1918 Guillelmns,
1617 1880 1715 1911 saneti
1744 1879 1897 1910 Bernardi
1915 1878 2074 1920 quondam
2097 1878 2237 1916 deliciae,
2264 1890 2302 1909 ex
2320 1877 2398 1909 urbe

1385 1933 1550 1964 Leodiensi
1577 1933 1676 1964 nobili
1701 1943 1815 1974 genere
1837 1938 1923 1963 ortus
1938 1956 1945 1970 ‚
1968 1935 2086 1963 Remos
2111 1931 2286 1962 studiorum
2305 1942 2398 1963 causa

1385 1986 1495 2017 missus
1520 1998 1591 2017 cum
1620 1986 1681 2017 alio
1709 1985 1809 2016 nobili
1838 1985 2057 2023 adolescente,
2086 1984 2214 2016 nomine
2248 1984 2394 2023 Simone,

1384 2040 1500 2082 (quem
1534 2038 1872 2081 Majoris-Monasterii
1905 2038 2005 2069 codex
2037 2038 2267 2080 manuscriptus
2294 2038 2398 2080 plnres

1384 2093 1538 2124 Bet-nardi
1554 2093 1765 2134 complectens
1783 2091 1949 2134 epistolas,
1970 2091 2067 2133 ipsius
2089 2091 2249 2123 Guillelmi
2269 2091 2400 2135 fratrem¹

1384 2147 1478 2178 fuisse
1500 2149 1651 2187 testatur)
1679 2146 1791 2188 spretis
1820 2145 1930 2176 mnndi
1954 2145 2074 2176 deliciis
2094 2145 2127 2176 in
2158 2145 2399 2177 Sancti-Nicasii

1384 2200 1548 2231 Remensis
1577 2200 1780 2237 asceterium,
1812 2199 1962 2241 regularis
1988 2198 2199 2230 observantia}
2224 2204 2298 2229 tunc
2320 2204 2398 2230 tem-

1383 2254 1469 2296 poris
1485 2253 1567 2284 fama
1581 2253 1704 2284 celebre
1716 2277 1723 2291 ,
1747 2264 1817 2284 cum
1835 2253 1888 2284 illo
1908 2264 1940 2284 se
1954 2253 2073 2295 recepit
2097 2263 2105 2284 :
2123 2252 2177 2283 ubi
2191 2258 2319 2294 peracto
2332 2251 2398 2283 feli-

1384 2306 1472 2338 cibus
1489 2306 1633 2348 auspiciis
1648 2306 1792 2337 tirocinio
1807 2331 1814 2343 ,
1831 2317 1902 2338 cum
1919 2312 2050 2347 uterque
2065 2306 2217 2337 virtutum
2237 2305 2330 2337 laude
2346 2316 2398 2336 ex-

1385 2361 1529 2399 celleret,
1561 2361 1613 2391 ille
1643 2360 1779 2391 abbatiae
1812 2359 2056 2392 Sancti-Nicolai
2082 2359 2121 2390 de
2142 2359 2229 2391 Saltu
2258 2358 2399 2390 dioecesis

1386 2415 1622 2452 Laudunensis,
1650 2414 1836 2445 Guillelmns
1857 2424 1933 2445 vero
1962 2414 1996 2444 in
2023 2415 2127 2445 locum
2159 2413 2325 2452 Gaufridi,
2358 2413 2398 2445 ad

1386 2468 1740 2501 Sanctum-Medardum
1758 2468 2010 2500 Suessionensem
2026 2467 2168 2498 translati
2179 2491 2187 2505 ,
2208 2467 2398 2498 monasterio

1386 2521 1693 2554 Sancti-Theoderici
1708 2532 1808 2563 prope
1824 2525 1941 2553 Remos
1954 2520 2118 2563 praefectus
2131 2527 2177 2552 est
2191 2531 2275 2552 anno
2296 2523 2306 2552 1
2319 2524 2397 2552 120.
2418 2525 2422 2528 “

1387 2579 1465 2609 Cum
1492 2583 1595 2607 antem
1614 2575 1766 2606 Bel-nardi
1786 2575 1868 2606 fama
1891 2575 2062 2607 sanctitatis
2090 2586 2157 2607 sese
2181 2575 2322 2618 undique
2340 2574 2397 2606 dif-

1386 2630 1551 2666 funderet,
1573 2630 1787 2671 plurimosque
1804 2629 1844 2660 ad
1865 2630 1912 2660 sui
1934 2629 2230 2671 contemplationem
2250 2635 2281 2660 et
2298 2628 2399 2660 admi*

1387 2683 1539 2715 rationem
1554 2683 1691 2714 alliceret
1704 2694 1711 2721 ;
1731 2683 1917 2714 Guillelmns
1933 2689 2040 2714 noster
2054 2707 2061 2721 ‚
2078 2689 2144 2714 tum
2158 2683 2298 2725 privatus
2314 2683 2399 2725 apud

1387 2735 1712 2768 Sanctum-Nicasium
1725 2760 1732 2773 ,
1761 2735 1867 2767 audita
1897 2735 2079 2778 aegritudine
2090 2760 2098 2774 ‚
2119 2746 2180 2778 qua
2198 2736 2258 2767 Vir
2275 2741 2400 2767 sanctus

1387 2802 1451 2821 non
1477 2791 1575 2821 multo
1594 2796 1663 2832 post
1683 2801 1701 2820 a
1726 2800 1781 2821 sua
1806 2790 2006 2821 ordinatione
2035 2796 2198 2833 correptus
2226 2797 2296 2828 est,
2328 2801 2399 2822 cum

1387 2844 1524 2886 quodam
1544 2844 1657 2874 abbate
1684 2855 1755 2875 eum
1788 2844 1894 2875 invisit
1925 2855 1932 2876 :
1957 2855 2093 2886 quocum
2118 2845 2300 2886 aliquandiu
2326 2855 2399 2876 con-

1388 2904 1527 2928 versatus
1541 2922 1549 2935 ,
1568 2897 1697 2928 fibulam
1721 2898 1907 2929 constrinxit
1929 2898 2110 2929 arctissimae
2132 2898 2215 2929 illius
2233 2899 2400 2930 necessitu-

1388 2951 1489 2989 dinis,
1515 2962 1575 2992 qua
1607 2962 1673 2981 sese
1692 2957 1801 2993 postea
1826 2957 1936 2983 mutuo
1963 2951 2119 2993 complexi
2148 2957 2230 2982 sunt.
2259 2967 2274 2977 «
2297 2954 2396 2982 Tanta

1390 3019 1402 3030 »
1420 3004 1504 3035 enim
1521 3003 1708 3035 Guillelmns
1721 3004 1851 3036 affectus
1866 3011 1912 3036 est
1928 3005 2081 3036 suavitate
2094 3004 2176 3036 circa
2189 3004 2396 3043 Bernardum,

1390 3073 1403 3085 »
1421 3065 1570 3100 tantoque
1587 3058 1743 3090 desiderio
1760 3058 1792 3089 in
1805 3065 1991 3101 paupertate
2014 3059 2067 3090 illa
2087 3065 2118 3091 et
2134 3058 2331 3101 simplicitate
2346 3068 2398 3089 co-

1390 3127 1402 3138 »
1420 3111 1583 3142 habitandi
1601 3111 1647 3149 ei,
1667 3117 1698 3142 nt
1714 3113 1738 3142 si
1756 3112 1843 3154 optio
1860 3112 1913 3143 illa
1927 3112 1978 3143 die
2001 3112 2060 3144 sibi
2080 3112 2153 3144 data
2171 3111 2280 3143 fuisset
2293 3135 2301 3150 ,
2321 3110 2399 3141 nihil

1390 3179 1404 3188 »
1422 3170 1485 3194 tam
1502 3170 1637 3206 optasset
1652 3189 1659 3202 ‚
1679 3175 1774 3206 qnam
1788 3164 1832 3195 ibi
1855 3175 1978 3207 semper
1994 3176 2065 3197 cum
2081 3176 2119 3197 eo
2132 3175 2259 3196 manere
2275 3164 2315 3195 ad
2334 3174 2399 3195 ser-

1390 3232 1404 3241 ·›
1422 3216 1571 3247 viendum
1592 3217 1631 3248 ei.
1655 3232 1670 3243 »
1686 3220 1718 3248 S.
1742 3218 1895 3249 Bernardi
1912 3218 1995 3249 Vitae
2011 3217 2092 3249 libro
2118 3221 2130 3249 1
2151 3242 2159 3256 ,
2180 3228 2250 3259 cap.
2268 3220 2298 3249 7.
2315 3216 2399 3249 Hinc

1389 3268 1645 3310 proficiscebatur
1667 3281 1773 3301 sensns
1801 3270 1852 3301 ille
1879 3270 2017 3307 doloris,
2048 3281 2111 3312 qno
2135 3269 2306 3301 caliunnias
2324 3271 2398 3300 Ber-

1388 3321 1486 3351 nardo
1504 3321 1653 3363 impactas
1671 3322 1807 3364 iniquius
1825 3321 1946 3360 serens,
1969 3334 2042 3354 eum
2054 3323 2158 3365 ipsum
2173 3321 2216 3354 ad
2236 3332 2303 3353 sese
2324 3331 2398 3364 pur·

1388 3373 1523 3414 gaudum
1549 3374 1696 3408 adversus
1722 3375 1972 3408 Cluniacensium
1998 3376 2140 3418 querelas
2164 3374 2310 3414 induxit,
2338 3373 2399 3406 ele-
