2517 3936
61 252 137 290 849

108 334 174 364 205
193 333 235 364 A.
252 330 458 373 cognoscitur.
474 350 520 355 ——
533 333 570 364 Id
586 344 604 364 a
627 335 780 366 Guilenco
794 335 964 377 praestitum
979 335 1069 367 docet

60 386 126 428 ejus
147 383 254 416 charta
272 383 355 426 apud
372 384 562 424 Perardum,
585 397 655 428 pag.
675 390 716 418 97
736 387 837 424 edita,
863 388 913 418 cui
935 388 1068 419 subscri—

60 438 139 471 bunt
160 436 241 468 inter
262 437 339 468 alios
365 437 496 469 abbates
518 438 730 471 Cisterciensis
747 447 775 471 et
799 441 1069 472 Clarae-Yallensis

59 490 144 534 apud
169 490 344 532 Lingonas,
376 500 459 522 anno
480 494 579 522 1129.
606 491 725 523 Eodem
751 503 834 523 anno
859 495 1070 526 controversia

59 554 129 587 quae
146 549 212 575 erat
227 543 309 574 inter
328 543 471 575 eamdem
491 544 653 575 ecclesiam
675 551 706 576 et
729 545 979 587 Sancti-Sequani
1002 558 1068 579 mo—

59 596 194 635 nachos,
218 596 391 639 composita
411 603 456 628 est
482 597 523 628 ab
547 597 658 628 eodem
681 600 872 635 Joceranno,
893 599 1010 640 judicio
1041 607 1071 632 et

59 649 189 683 consitio
203 649 335 682 Galterii
352 649 567 681 Cabilonensis
579 674 586 687 ,
608 649 821 692 abbatumque
835 651 1047 684 cisterciensis
1061 676 1069 692 ‚

59 702 241 740 Besuensis,
263 703 493 741 Clarae-Vallis,
520 703 598 734 ibid.
625 713 696 745 pag.
726 706 802 734 102.
826 707 889 735 Res
911 705 950 735 ad
977 708 1070 737 Inno-

58 756 195 788 centium
210 761 320 798 postea
341 755 463 794 delata,
489 755 647 798 Stephano
664 756 836 788 cistellensi
858 763 888 788 et
912 759 1071 791 Bernardo

59 808 317 841 Clarae-Vallensi
338 819 357 840 a
380 809 532 840 Pontifice
553 809 717 840 commissa
739 817 803 848 est,
830 821 900 852 pag.
920 815 995 843 103.
1021 813 1071 844 Sic

60 873 140 894 unus
163 861 268 894 omnia
291 861 461 904 praestabat
486 862 683 901 Bernardus,
708 873 788 894 unus
815 874 922 895 omnes
947 865 1016 896 lites
1041 872 1071 897 ct

58 914 286 947 controversias
300 914 440 946 finiebat.
1029 920 1032 924 ·

106 971 174 1000 206
200 971 242 1000 A.
265 971 424 1001 Rictmso.
438 986 484 991 -—
498 968 652 1000 Ricuinus
676 979 760 999 anno
790 972 875 1000 1126
904 969 1000 1009 obiit,
1026 972 1071 1003 uti

59 1032 99 1053 ex
113 1021 263 1054 Alberico
273 1021 417 1070 probant
434 1021 734 1054 Sancta-Marthani.
753 1021 846 1053 Unde
860 1022 926 1054 haec
939 1024 1070 1066 epistola

57 1081 129 1118 post
144 1074 228 1107 hunc
249 1085 367 1106 annum
388 1075 508 1107 differri
530 1086 595 1107 non
607 1081 710 1118 potest
727 1085 736 1106 :
758 1081 841 1107 certe
860 1082 932 1107 ante
954 1087 1071 1109 annum

63 1130 151 1160 1124
173 1128 268 1160 scribi
297 1129 351 1160 xix
372 1129 494 1171 potuit,
525 1139 597 1161 cum
622 1128 739 1160 scilicet
761 1129 913 1160 Bernardi
936 1129 1017 1161 sama
1041 1137 1071 1163 et

58 1181 201 1213 doctrina
221 1182 289 1224 jam
309 1181 442 1214 celebris
469 1188 546 1214 erat.
570 1181 623 1214 Ad
649 1181 794 1213 eumdem
814 1181 982 1213 Ricuinum
1005 1183 1071 1226 epi—

58 1234 138 1266 stola
156 1237 236 1267 396.

107 1290 173 1320 208
191 1291 233 1320 A.
251 1287 291 1319 de
306 1288 377 1320 loco
398 1288 465 1320 illo.
479 1307 527 1311 --
539 1288 668 1320 Caladia
682 1288 815 1327 scilicet,
838 1287 978 1320 dioecesis
997 1290 1070 1321 Vir-

58 1340 223 1381 dunensis,
251 1352 336 1373 anno
368 1344 455 1374 1128
482 1341 608 1373 ftmdari
633 1348 736 1384 coepta
761 1341 819 1372 sub
845 1342 1001 1381 Henrico,
1030 1343 1070 1375 ab

57 1393 261 1427 Adatberone
287 1395 354 1437 ejus
379 1405 557 1426 successore
580 1401 780 1433 consecrata,
806 1409 820 1421 «
846 1394 900 1425 ubi
926 1406 1028 1434 nunc,
1055 1412 1070 1423 »

57 1446 159 1489 inquit
175 1448 363 1480 Laurentius
381 1448 421 1479 de
439 1448 558 1479 Leodio
568 1472 577 1487 ,
593 1463 607 1475 α
622 1448 682 1479 sub
696 1448 812 1480 abbate
824 1455 938 1480 sanctae
951 1460 1070 1480 memo-

58 1514 74 1528 »
91 1500 146 1532 riae
163 1503 322 1539 Guntero‚
339 1501 474 1533 militant
494 1512 592 1544 regno
612 1502 763 1533 coelorum
781 1500 846 1533 fere
857 1503 988 1534 trecenti
1006 1514 1070 1535 ser-

59 1567 74 1581 »
92 1564 205 1585 vorum
233 1555 305 1586 Dei.
342 1569 356 1582 ι
392 1554 495 1597 Coepit
528 1561 635 1586 autem
663 1555 722 1586 sub
750 1555 889 1586 Henrico
922 1556 1066 1598 praesule,

57 1620 73 1634 ι
92 1607 220 1649 quando
244 1606 290 1638 ibi
305 1606 483 1645 Robertus,
503 1607 689 1640 venerabilis
706 1608 805 1640 nostri
825 1609 972 1647 coenobii,
1003 1624 1015 1636 n
1038 1609 1070 1640 id

57 1666 122 1700 est,
143 1661 375 1693 Sancti-Vitoni
394 1661 602 1693 Virdunensis
616 1661 806 1699 monachus,
827 1677 840 1688 α
855 1673 926 1692 01101
948 1662 1070 1694 duobus

57 1728 75 1741 a
90 1713 182 1745 sociis
193 1713 330 1757 primum
345 1714 521 1746 eremitavit
532 1738 539 1752 ,
556 1714 719 1746 ecclesiola
731 1721 761 1746 et
774 1714 961 1757 quibusdam
981 1726 1069 1746 man-

57 1781 75 1794 ι»
87 1767 236 1799 siunculis
254 1766 423 1799 fabricatis.
444 1767 507 1799 Sed
527 1778 565 1799 eo
588 1768 629 1799 ad
651 1768 814 1800 ecclesiam
832 1768 998 1800 Belli-Loci
1020 1779 1068 1799 as-

58 1835 75 1848 »
93 1827 237 1863 sumpto,
262 1831 334 1853 cum
358 1821 446 1853 locus
463 1832 578 1853 vacuus
599 1822 817 1859 remansisset,
840 1833 858 1853 a
879 1822 947 1854 tiro
970 1822 1069 1853 nobili

59 1888 74 1902 ι
91 1875 236 1907 Waltero
248 1881 363 1917 nepote
374 1899 382 1913 ,
399 1875 486 1917 cujus
498 1881 565 1906 erat
576 1900 583 1914 ‚
600 1875 673 1907 data
686 1882 732 1907 est
744 1875 916 1907 venerabili
930 1875 1071 1907 Guidoni

57 1942 75 1956 n
89 1927 198 1960 abbati
219 1928 259 1960 de
280 1928 561 1960 Tribus-Fontibus
572 1953 580 1967 ,
596 1929 735 1961 Henrico
748 1929 896 1972 pontifice
914 1936 1071 1961 annuente

57 1996 75 2009 a
89 1987 122 2014 et
140 1987 308 2020 monente,
328 1988 360 2014 et
379 1982 516 2013 maxime
528 1985 655 2013 Herveo
677 1982 745 2014 n'ro
765 1982 864 2013 nobili
875 2006 882 2019 ,
898 1982 957 2013 hoc
970 1989 1071 2014 totum

57 2049 72 2063 ι
88 2034 243 2067 innitente
266 2041 297 2067 et
320 2035 467 2067 hortante
490 2046 498 2067 :
523 2036 577 2077 qui
598 2039 742 2067 Herveus
757 2047 790 2067 se
809 2035 940 2067 coetibus
963 2046 1071 2067 eorum

57 2103 73 2116 ι
89 2088 253 2121 associavit
269 2089 413 2132 exemplo
432 2089 588 2128 mirabili,
609 2104 622 2116 n
636 2100 750 2132 nempe
763 2100 862 2120 miore
875 2089 999 2120 dimissa
1012 2114 1019 2129 ,
1041 2095 1071 2121 et

55 2142 169 2185 laqueo
191 2143 310 2174 circum
332 2143 603 2186 gulam·a]ligato‚
630 2153 669 2174 ex
691 2142 847 2186 Spieilegii
878 2148 964 2173 tomo
993 2142 1070 2173 duo-

57 2195 198 2235 decimo,
220 2207 292 2239 pag.
311 2200 392 2229 327.

104 2252 173 2281 209
195 2250 231 2281 C.
256 2249 428 2281 constituit.
443 2267 488 2272 -—
501 2249 649 2291 Ejusdem
671 2248 846 2291 argumenti
867 2254 913 2279 est
934 2247 1071 2290 Philippi

56 2301 180 2333 abbatis
204 2302 337 2344 epistola
365 2305 425 2341 18,
448 2302 490 2333 ad
514 2302 732 2333 Alexandrum
758 2305 824 2340 III,
853 2302 1007 2343 rogantis,
1037 2308 1070 2332 ut

57 2353 143 2387 bona
159 2355 371 2387 archidiaconi
386 2355 620 2387 Aurelianensis
630 2379 638 2394 ‚
655 2355 709 2397 qui
720 2355 902 2397 religionem
916 2355 1070 2396 ingressus

57 2407 404 2448 fueratscreditoribus
419 2409 643 2447 concedantur,
663 2409 698 2440 in
718 2415 805 2440 tomo
826 2408 928 2451 primo
952 2408 1069 2439 Biblio-

57 2460 156 2493 thecae
175 2462 408 2502 Cisterciensis‚
427 2473 499 2505 pag.
521 2464 600 2494 246.
770 2501 776 2503 „

109 2518 178 2546 210
208 2517 245 2546 B.
263 2516 401 2546 'Amso
429 2515 539 2546 abbati
576 2513 772 2557 Aquiscincti
806 2513 997 2545 monasterii.
1023 2532 1069 2537 ——

58 2567 288 2600 Monasterium
311 2568 441 2600 Ordinis
465 2568 564 2600 sancti
588 2568 750 2600 Benedicti
775 2567 816 2598 ad
838 2570 989 2609 Scarpum
1011 2566 1069 2596 flu-

60 2620 163 2660 vium,
185 2621 322 2653 secundo
343 2621 468 2653 milliari
487 2632 505 2653 a
528 2624 651 2653 Duaco.
675 2624 771 2653 Anno
792 2624 878 2652 1029
898 2620 1070 2661 inemptum

59 2680 106 2706 est
130 2673 191 2706 hoc
216 2674 415 2713 coenobium,
437 2675 724 2707 Sancti-salvatoris
749 2675 884 2711 dictum,
913 2673 945 2704 in
970 2672 1070 2703 insula

59 2737 130 2769 quae
154 2727 270 2759 dicitur
293 2727 534 2770 Aquiscinctus,
554 2738 572 2759 a
596 2728 669 2759 viris
693 2727 865 2759 illustribus
881 2725 1008 2758 sichero
1034 2736 1070 2756 ac

58 2780 220 2816 Waltero,
236 2780 296 2812 sub
312 2781 456 2813 Gerardo
475 2784 506 2812 11
524 2780 742 2813 cameracensi
760 2780 892 2822 praesule
903 2804 910 2817 ‚
927 2779 966 2809 ad
983 2779 1069 2820 cujus

60 2832 219 2864 dioecesim
237 2839 313 2865 tunc
330 2834 417 2865 locus
436 2834 489 2865 itte
512 2833 702 2877 pertinebat.
721 2833 803 2865 Vide
820 2832 905 2864 Anb.
923 2832 1070 2863 Miraeum

59 2885 94 2917 in
119 2885 277 2918 Chronico
305 2887 434 2918 Ordinis
460 2887 560 2918 sancti
579 2887 758 2925 Benedicti,
787 2897 856 2928 cap.
888 2889 942 2917 68.
973 2888 1071 2915 Ρο110

60 2939 292 2981 congregationi
304 2940 501 2972 Cluniacensi
516 2940 744 2982 Aquiscinctini
759 2938 905 2970 monachi
919 2949 951 2969 se
965 2948 1071 2979 aggre-

61 2998 192 3034 garunt,
212 2993 342 3035 ejusque
363 2993 621 3025 reformationem
642 2998 845 3035 susceperunt
863 3002 946 3022 anno
968 2993 1069 3029 1110,

63 3044 108 3077 1111
119 3044 214 3077 refert
225 3045 345 3088 tperius
362 3046 397 3077 in
413 3046 571 3079 Chronico
587 3058 644 3078 suo
661 3045 846 3078 Bertinensi.
866 3060 879 3071 ιι
898 3048 992 3076 Anno
1007 3047 1072 3075 Do-

64 3112 82 3124 »
98 3097 175 3129 mini
187 3098 352 3130 millesimo
365 3099 536 3131 centesimo
558 3099 680 3131 decimo
692 3123 699 3137 ,
719 3097 942 3130 monasterium
957 3096 1071 3138 Aquis-

65 3163 79 3178 ·
99 3150 193 3182 cincti
219 3151 261 3182 ad
281 3151 463 3194 religionem
495 3158 676 3195 reparatum
701 3157 746 3183 est
772 3157 802 3182 et
826 3150 989 3181 reductum
1018 3159 1073 3190 per

63 3217 82 3230 ε·
99 3202 262 3235 dominum
274 3204 477 3236 Lambertum
491 3205 640 3237 abbatem
654 3211 795 3236 nostrum
807 3228 814 3242 ‚
831 3214 902 3235 cum
916 3214 953 3234 ex
968 3212 1074 3232 mona-

11 3279 14 3282 >
64 3270 80 3284 ι
98 3255 230 3288 chorum
261 3257 509 3290 dissensionibus
538 3265 648 3290 nactus
676 3264 756 3290 esset
782 3256 1069 3300 opportunitatem,

65 3323 80 3337 ι
99 3310 260 3342 monachis
283 3311 479 3353 Aquiscincti
500 3311 582 3343 inter
606 3323 640 3343 se
659 3309 936 3347 tumultuantibus,
955 3309 986 3339 in
1004 3314 1073 3339 tan—

66 3376 81 3390 ·
97 3369 184 3402 tum,
212 3369 247 3395 ut
271 3373 364 3395 suum
387 3364 535 3396 abbatem
559 3364 750 3407 expellentes
776 3363 978 3405 deponerent.
1003 3363 1074 3392 Hoc

67 3416 205 3459 -itaque
231 3417 366 3449 domnus
396 3417 582 3449 Lambertus
607 3417 825 3453 considerans,
857 3425 914 3457 per
941 3419 1074 3445 secretos

539 254 807 291 LECTIONES
835 257 1111 293 VARtAix'TES
1142 259 1202 294 ET
1231 261 1375 297 NOTAE
1405 264 1651 302 FL‘SIORES.

2060 278 2135 313 8:30

1139 351 1152 362 n
1172 337 1379 369 internuntios
1405 338 1472 370 illos
1497 341 1617 374 induxit
1633 367 1640 379 ,
1662 350 1693 374 ut
1714 344 1811 376 111-0111
1830 349 2052 390 uenerabilem,
2073 367 2136 386 1110-

1142 404 1154 415 υ
1174 389 1260 420 ribus
1277 391 1433 432 egregium
1445 416 1452 428 ,
1471 399 1500 423 et
1519 394 1683 434 prudentia
1710 396 1912 440 facundiaque
1939 402 2114 437 decoratum
2129 434 2135 443 ,

1139 455 1152 467 ι
1173 442 1232 473 51111
1248 450 1369 474 sumant
1396 444 1427 474 in
1453 445 1617 483 abbatem,
1639 459 1701 488 quo
1725 451 1860 492 collapsa
1881 465 1989 484 cornui
2013 459 2138 489 eccli-sia

1140 509 1152 520 ι
1173 495 1337 526 relevetur.
1357 498 1392 527 Et
1407 497 1450 527 eis
1467 499 1619 530 nominari
1638 500 1708 532 fecit
1726 502 1873 534 domnum
1891 506 2029 538 Attis-nn
2043 534 2049 543 ,
2072 521 2137 540 nio-

1146 561 1158 574 »
1179 547 1313 578 naclnun
1338 555 1477 580 nostrum
1501 551 1720 591 reformatum,
1743 556 1877 586 ccclesiae
1897 560 2138 594 Sancti-vedani

1140 614 1153 626 u
1173 605 1247 631 tunc
1269 601 1492 633 intendentem.
1514 604 1610 644 Igitur
1632 607 1899 647 Aquiscinctenses
1923 612 2063 643 monachi
2085 617 2139 646 Al-

1141 666 1153 678 »
1173 653 1274 684 visum
1296 654 1442 685 instinctu
1461 656 1617 688 Latnberti
1640 658 1761 690 abbatis
1779 662 1874 692 nostri
1892 662 1921 692 in
1939 674 2026 695 5110111
2045 666 2139 697 abba-

1141 719 1153 731 n
1175 711 1237 736 tem
1264 706 1440 748 elegerunt,
1466 709 1518 750 qui
1544 711 1672 741 consilio
1698 718 1727 742 et
1752 714 1866 743 anxilio
1892 715 2028 756 ejusdem
2055 722 2142 750 Lam-

1140 773 1155 784 υ
1178 758 1257 790 110111
1269 783 1277 797 ,
1297 760 1438 791 camdeni
1453 763 1612 793 ecclesiam
1628 764 1805 796 reformavit
1817 790 1824 802 ,
1845 773 1873 797 et
1889 768 1918 797 in
1934 769 2141 810 spiritualibus

1140 825 1152 837 ι
1173 822 1208 842 30
1236 814 1460 855 temporalibus
1485 815 1528 846 sic
1555 817 1719 853 exaltavit.
1739 824 1772 848 01
1797 819 1861 860 ejus
1885 830 1996 852 nomen
2021 824 2141 855 celebre

1139 878 1153 891 ι
1174 864 1260 896 fieret
1286 866 1419 908 ubique,
1448 873 1478 898 et
1503 868 1584 899 idem
1612 870 1736 901 Atvisus
1764 872 1888 902 tandem
1919 874 2081 915 eligeretur
2109 878 2139 908 in

1139 931 1152 943 n
1173 918 1354 961 episcopum
1380 920 1628 953 Atrebateusem.
1659 938 1670 949 u
1701 926 1857 955 Hactenus
1885 927 2014 968 iperius.
2045 931 2140 961 Porro

1137 969 1228 1013 hujus
1245 974 1424 1004 monasterii
1450 973 1528 1005 sama
1550 986 1584 1006 ac
1602 976 1697 1017 gloria
1717 978 1883 1019 plurimum
1902 985 1966 1010 toto
1982 980 2058 1011 orbe
2075 993 2140 1013 cre-

1138 1024 1182 1055 vit
1197 1035 1214 1055 a
1229 1027 1398 1067 Gymnasio
1414 1028 1646 1069 Aquiscinctino
1657 1054 1664 1067 ,
1681 1030 1763 1071 quod
1779 1031 1810 1061 in
1824 1034 1969 1062 Duacena
1985 1034 2141 1066 academia

1138 1077 1281 1109 excitavit
1299 1082 1437 1111 Joannes
1454 1082 1674 1120 Lentaillerus,
1695 1082 1785 1124 liujus
1810 1084 1869 1115 loci
1885 1084 1981 1115 abbas
2000 1086 2139 1127 dignissi-

1137 1140 1218 1168 mus,
1233 1138 1262 1162 et
1277 1133 1421 1164 Patribus
1435 1134 1595 1165 Societatis
1608 1139 1696 1173 Jesu,
1715 1146 1785 1167 raro
1801 1137 1853 1167 sed
1864 1139 2017 1179 ‘przeclaro
2034 1151 2136 1171 exeni-

1137 1183 1190 1224 plo
1202 1207 1209 1221 ,
1240 1185 1379 1217 tradidit.
1407 1187 1488 1217 Vide
1517 1188 1670 1219 Jacobum
1704 1189 1845 1220 Bonl'rer.
1877 1191 2034 1222 societatis
2062 1197 2136 1225 Jesu

1137 1236 1317 1279 theologum
1335 1246 1364 1270 et
1390 1240 1539 1282 insignem
1566 1242 1731 1284 Scripturae
1754 1243 1973 1284 interpretem,
1994 1246 2135 1277 Dedicat.

1137 1290 1170 1320 in
1195 1292 1449 1323 Pentateuchum.
1468 1294 1611 1331 Alx‘istts,
1633 1294 1671 1325 de
1690 1306 1751 1336 quo
1779 1295 1851 1325 item
1874 1297 1988 1327 mentio
2011 1297 2088 1329 infra
2109 1299 2137 1329 in

1138 1343 1268 1385 epistola
1293 1349 1334 1376 66
1348 1370 1355 1383 ,
1373 1346 1613 1378 “Atrebatensem
1629 1348 1815 1385 Ecclesiam,
1841 1348 1889 1378 cui
1914 1356 2000 1390 paret
2027 1352 2137 1392 Aquis-

1138 1396 1291 1435 cinctum,
1327 1398 1490 1440 episcopus
1516 1400 1605 1432 rexit.
1627 1400 1679 1432 Ad
1705 1411 1776 1431 eum
1799 1399 1858 1431 hoc
1879 1401 2005 1432 nomine
2028 1404 2140 1445 scripta

1138 1455 1183 1480 est
1203 1450 1333 1492 epistola
1351 1454 1430 1483 395.

1188 1505 1255 1535 213
1281 1507 1324 1536 A.
1343 1507 1468 1535 Domno
1488 1507 1664 1537 Gicrnmo
1686 1505 1790 1538 abbati
1808 1508 2079 1540 Sancti-Medardi.
2093 1529 2138 1533 —

1138 1557 1181 1586 Ut
1205 1557 1271 1597 jam
1297 1557 1414 1588 dictum
1433 1564 1477 1588 est
1503 1558 1534 1589 in
1563 1565 1637 1590 nota
1653 1552 1681 1597 ¹³,
1705 1558 1770 1590 11330
1795 1561 1924 1602 epistola
1948 1561 2136 1598 inscribitur.

1138 1607 1195 1639 Ad
1219 1609 1406 1650 Gausridum
1425 1610 1567 1642 abbatem
1586 1611 1910 1649 Sancti-Theoderici,
1934 1614 2016 1656 apud
2037 1615 2135 1646 editos

1137 1668 1166 1693 et
1190 1673 1297 1694 omnes
1314 1663 1435 1695 codices
1454 1665 1695 1707 manuscriptos,
1716 1671 1828 1707 praeter
1850 1666 2086 1705 Corbeiensem,
2107 1668 2139 1699 in

1137 1726 1199 1756 quo
1226 1717 1336 1758 legitur
1349 1742 1356 1755 ‚
1393 1716 1449 1748 Ad
1478 1717 1662 1757 Consi-idum
1692 1717 1832 1748 abbatem
1864 1719 2140 1751 Sancti-,Uedor-di

1138 1770 1389 1806 Suessionensis;
1412 1770 1470 1802 1130
1495 1771 1661 1813 epigraphe
1678 1772 1822 1813 praefixa,
1843 1773 1968 1802 Domno
1987 1772 2137 1813 Cossi-ido

1137 1821 1249 1853 abbati
1263 1823 1552 1861 Sancti-JIedar-di‚
1571 1823 1752 1855 Bernartius
1766 1823 1904 1855 ecclesiae
1919 1824 2139 1857 Clam-Vallis

1138 1874 1307 1907 ordinator
1333 1878 1576 1922 incompositus,
1604 1876 1750 1914 salutem,
1781 1885 1811 1908 et
1835 1889 1897 1908 non
1924 1879 1954 1907 in
1984 1879 2047 1910 ria.
2077 1880 2138 1910 Sed

1136 1940 1247 1971 parum
1265 1929 1359 1962 refert
1376 1937 1478 1962 utrum
1498 1932 1628 1972 legatur,
1644 1941 1714 1962 cum
1728 1931 1850 1972 utrique
1863 1931 2005 1962 coenobio
2021 1943 2139 1963 500005-

1137 1982 1201 2013 sive
1218 1983 1374 2024 praefuerit
1386 2008 1393 2021 ,
1415 1984 1555 2025 quamvis
1571 1995 1608 2015 ex
1624 1984 1773 2025 temporis
1786 1984 1863 2014 serie
1877 1985 2029 2025 posterior
2050 1985 2140 2016 lectio

1136 2035 1300 2067 retinenda
1318 2037 1367 2068 sit.
1386 2037 1540 2069 Nimirum
1558 2036 1622 2079 ipse
1646 2036 1814 2068 Gaufridus
1837 2048 1875 2068 ex
1900 2037 2003 2079 priore
2021 2039 2140 2069 Sancti-

1136 2090 1253 2121 Nicasii
1266 2091 1442 2129 Remensis,
1459 2091 1556 2122 abbas
1572 2090 1874 2122 Sancti-Theoderici
1887 2102 1985 2133 prope
1998 2092 2139 2123 eamdem

1136 2143 1246 2174 urbem
1264 2144 1424 2174 ordinatus
1440 2150 1483 2175 est
1502 2155 1584 2175 3000
1604 2148 1704 2182 1111,
1724 2144 1828 2185 ibique
1845 2145 2016 2185 regularem
2033 2145 2138 2176 obser-

1138 2196 1273 2226 vantiam
1290 2208 1346 2238 per
1359 2203 1428 2228 octo
1443 2208 1540 2228 301105
1553 2197 1690 2228 studiose
1703 2198 1834 2228 excoluit
1847 2222 1854 2235 ,
1872 2212 1885 2223 n
1900 2204 2006 2238 postea
2019 2209 2104 2235 vero,
2124 2214 2136 2225 ι

1136 2255 1168 2280 111
1181 2248 1276 2280 habet
1292 2251 1535 2281 Nomenclatura
1551 2250 1699 2281 abbatum
1713 2250 1786 2281 dicti
1800 2250 1995 2287 monasterii,
2014 2266 2026 2276 α
2041 2250 2138 2282 factus

1138 2317 1150 2328 n
1171 2308 1215 2333 est
1243 2302 1339 2333 abbas
1366 2303 1405 2334 de
1427 2303 1706 2334 Sancto-Medardo
1729 2303 1958 2340 Suessionensi,
1980 2304 2066 2344 jussu
2085 2304 2139 2334 do-

1138 2370 1150 2381 »
1171 2355 1247 2385 mini
1265 2356 1426 2397 apostolici
1442 2356 1605 2393 tYidonis,
1624 2362 1828 2397 cognomento
1851 2356 1979 2393 Canni,
2000 2362 2028 2386 et
2048 2367 2138 2397 prece

1138 2423 1150 2433 ι·
1172 2408 1320 2439 Ludovici
1333 2409 1412 2449 regis
1423 2433 1430 2446 ,
1452 2424 1464 2434 υ
1479 2408 1662 2439 succedente
1679 2408 1802 2438 interim
1822 2408 1991 2439 venerabili
2008 2408 2137 2439 6011101-

1136 2471 1186 2491 mo
1199 2485 1206 2498 ,
1226 2461 1377 2492 Bernardi
1389 2460 1585 2492 amicissimo.
1599 2461 1741 2502 Denique
1758 2460 1840 2491 idem
1857 2461 2026 2491 Gaufridus
2038 2485 2045 2498 ,
2062 2472 2135 2502 pro-

1135 2520 1263 2544 curante
1284 2520 1391 2545 5311010
1414 2514 1586 2548 Bernardo,
1603 2514 1654 2554 qui
1669 2514 1782 2544 electus
1802 2514 1995 2554 acquiescere
2013 2513 2111 2543 noluit
2125 2537 2132 2550 ,

1134 2568 1166 2598 in
1180 2567 1285 2598 sedem
1303 2568 1557 2599 catalaunensem
1571 2566 1717 2597 suffectus
1731 2571 1775 2596 est
1789 2575 1870 2596 anno
1891 2570 1898 2595 Ι
1914 2568 1970 2596 131
1989 2565 2134 2596 inlocum

1135 2619 1282 2651 Herberti
1293 2645 1300 2658 ,
1316 2630 1379 2651 non
1393 2626 1462 2662 post
1474 2619 1699 2651 dedicationem
1712 2619 1846 2650 ecclesia¹
1857 2618 2132 2656 Sancti-Medardi,

1135 2679 1168 2704 ut
1185 2673 1278 2703 tradit
1293 2673 1457 2704 Albericus
1474 2673 1506 2703 in
1521 2671 1687 2709 Chronico,
1704 2670 1805 2701 idibus
1827 2670 1963 2702 octobris
1985 2672 2049 2712 ejus
2063 2672 2136 2702 anni

1135 2726 1175 2757 ab
1191 2726 1373 2757 Innocentio
1386 2725 1496 2756 factam
1509 2737 1515 2763 ;
1533 2725 1587 2756 sed
1600 2731 1670 2755 ante
1684 2725 1767 2754 illam
1778 2748 1786 2761 ,
1802 2735 1839 2754 ex
1853 2723 2006 2755 Chronico
2021 2724 2138 2755 Sancti-

1134 2779 1280 2811 Medardi
1290 2804 1297 2817 ,
1311 2779 1364 2810 ubi
1379 2795 1391 2805 «
1406 2779 1568 2821 przedictus
1582 2782 1664 2820 Papa
1678 2783 1749 2808 ante
1762 2777 1987 2808 dedicationem
2001 2776 2137 2807 ecclesiae

1137 2847 1151 2860 u
1170 2832 1325 2874 praedictae
1339 2857 1346 2870 ‚
1367 2832 1510 2863 Odoneni
1531 2831 1676 2862 abbatem
1701 2830 1836 2861 ecclesiae
1862 2829 2110 2861 Beati-Medardi
2124 2854 2132 2866 ,

1138 2901 1151 2912 n
1170 2885 1295 2916 nolente
1317 2884 1370 2916 sed
1395 2884 1625 2915 contradicente
1653 2883 1798 2924 episcopo
1819 2882 2027 2913 Suessionensi
2041 2907 2048 2919 ,
2070 2886 2138 2913 Au-

1137 2953 1153 2965 »
1171 2938 1295 2968 relianis
1328 2937 1520 2968 benedixisse
1544 2936 1726 2979 perhibetur
1755 2936 1856 2978 pridie
1880 2935 2028 2966 kalendas
2052 2941 2139 2965 octo·

1138 3006 1151 3018 ιι
1173 2990 1248 3021 bris.
1266 3005 1281 3015 n
1304 2990 1409 3027 Obiit,
1433 2996 1510 3021 teste
1533 2989 1699 3025 Alberico,
1722 2999 1804 3019 anno
1821 2990 1908 3020 1143
1924 3013 1931 3025 ,
1960 2994 1989 3019 et
2014 2987 2136 3029 quidem

1137 3049 1223 3074 sexto
1247 3042 1396 3073 kalendas
1415 3042 1513 3084 junii,
1539 3048 1572 3072 ut
1594 3040 1897 3073 Sancti-Theoderici
1921 3041 2135 3079 Necrologium

1137 3102 1266 3127 testatur
1284 3095 1332 3126 his
1354 3095 1457 3126 verbis
1471 3105 1478 3126 :
1496 3110 1508 3121 α
1524 3098 1616 3126 Sexto
1629 3093 1868 3135 kalendasjunii
1880 3093 1956 3124 obiit
1971 3091 2138 3123 Gaufridus

1138 3164 1154 3175 υ
1171 3154 1276 3179 noster
1291 3147 1405 3185 abbas,
1425 3147 1658 3179 Catalatmensis
1679 3147 1850 3188 episcopus.
1871 3161 1883 3172 u
1906 3150 1942 3176 In
1964 3145 2041 3175 serie
2062 3154 2135 3173 vero

1138 3201 1421 3232 anniversariorum
1458 3206 1598 3237 notatur,
1627 3214 1639 3225 a
1670 3199 1770 3240 ipsum
1801 3205 1862 3228 tres
1894 3196 2074 3238 praebendas
2102 3195 2132 3224 in

1141 3270 1153 3281 υ
1175 3253 1353 3285 Refectorio
1369 3254 1486 3294 legasse
1508 3253 1539 3283 10
1561 3253 1786 3294 eleemosynam
1804 3261 1860 3292 pro
1875 3260 1906 3280 se
1919 3255 1947 3279 et
1968 3259 2024 3289 pro
2039 3247 2133 3278 Adal-

1140 3322 1153 3334 n
1174 3306 1293 3338 berone
1306 3306 1454 3337 Remensi
1477 3305 1727 3347 archiepiscopo,
1752 3304 1803 3344 qui
1829 3302 1942 3332 ibidem
1968 3299 2134 3330 monachos

1141 3375 1154 3386 ι»
1173 3359 1318 3391 restituit.
1337 3374 1352 3385 n
1366 3361 1473 3390 Exstat
1493 3359 1621 3400 epistola
1644 3356 1784 3389 Gaufridi
1804 3355 1842 3385 ad
1858 3358 1980 3385 Petrum
1997 3355 2133 3383 Venera-

1139 3412 1234 3444 bilem
1250 3423 1282 3443 10
1298 3410 1488 3443 Bibliotheca
1503 3409 1694 3442 sluniacensi
1706 3432 1713 3445 ,
1730 3407 1883 3449 ipsiusque
1896 3405 1976 3436 Petri
1991 3405 2027 3435 ad
2051 3415 2133 3435 eum-
