2565 3952
95 165 141 201 77
845 159 1104 196 PRAEFATIO
1143 159 1437 195 GENERALIS.
2147 159 2194 195 73

150 257 422 299 LXXXVIII.
461 256 618 295 Verum
640 254 831 294 omnium
849 253 1008 307 optime
1037 250 1272 293 Gaufridus
1302 255 1495 291 sanctum
1525 254 1744 304 parentem
1773 262 1898 291 suum
1927 263 1950 291 a
1985 250 2195 292 calumnia

92 336 278 378 vindicat
302 336 346 375 in
374 334 486 375 libro
509 333 635 374 tertio
660 331 711 372 de
741 330 831 385 ejus
857 331 980 381 Vita,
1011 343 1103 385 cap,
1148 332 1186 372 4.
1226 330 1371 371 Primo
1402 329 1520 383 quod
1548 328 1663 369 illius
1697 328 1979 383 expeditionis
2008 330 2195 382 primum

92 416 356 471 propositum
380 413 432 454 ab
462 425 510 453 eo
535 425 622 453 non
647 411 700 451 sit
728 410 983 464 profectum.
1024 428 1038 443 «
1081 410 1187 450 Cum
1215 409 1328 449 enim
1356 408 1590 448 multorum
1617 407 1705 462 jam
1729 408 1892 448 animos
1920 408 2198 461 permotisset

97 516 112 530 »
137 495 281 536 audita
306 493 554 543 necessitas,
578 504 601 531 a
620 502 716 543 rege
736 473 996 530 Francorum
1015 487 1143 529 semel
1164 492 1204 529 et
1226 489 1381 528 iterum
1408 492 1585 541 propter
1616 486 1696 527 hoc
1719 487 1954 540 expetitus,
1991 485 2196 540 apostoli-

98 595 111 609 »
138 575 196 616 cis
220 574 346 614 etiam
377 571 528 612 litteris
557 570 767 620 monitus,
800 581 876 609 000
917 569 976 609 510
1009 568 1224 622 acquievit
1259 579 1388 621 super
1420 565 1501 606 1100
1531 565 1675 619 loqui,
1707 564 1775 606 wel
1808 565 2034 606 consilium
2064 563 2164 604 darc
2186 595 2195 613 ,

97 675 110 688 υ
136 654 269 696 (10000
292 664 369 705 per
394 650 528 704 ipsius
557 648 729 690 tandem
755 647 973 689 Pontificis
1010 647 1248 701 generalem
1276 646 1498 701 epistolam
1525 645 1670 700 jussus
1700 645 1753 686 ab
1780 657 1829 686 eo
1867 654 1956 696 est,
1993 649 2196 697 tanquam

97 755 111 769 υ
141 736 338 775 Romanae
358 730 551 772 Ecclesiae
569 729 734 783 lingua,
755 740 966 782 exponere
993 728 1163 782 populis
1188 731 1315 781 atque
1339 724 1621 780 principibus.
1650 744 1664 758 υ
1701 722 1865 764 Deinde
1896 722 2014 777 quod
2039 720 2197 776 praedi-

89 811 212 854 candi
236 810 427 852 officium
446 841 455 861 ,
482 807 535 849 ab
555 820 604 848 co
622 820 672 848 ex
691 806 932 848 obedientia
952 811 1197 860 susceptum
1214 838 1224 858 ,
1244 804 1453 846 divinitus
1476 802 1777 844 confirmatum
1800 803 1855 843 sit
1886 806 1950 842 tot
1985 801 2199 854 tantisque

90 889 304 932 miraculis
337 902 384 930 ac
410 889 569 942 signis,
606 907 621 921 «
653 892 812 941 quanta
840 886 907 928 vel
936 899 1159 927 numerare
1183 917 1192 938 ,
1217 884 1377 926 nedum
1407 896 1579 924 narrare
1605 882 1781 924 difficile
1803 882 1927 922 foret.
1956 901 1969 915 »
2004 881 2200 934 Denique

89 969 207 1024 quod
234 969 269 1010 si
298 981 349 1009 ex
377 967 450 1008 illa
480 966 742 1021 profectione
776 965 993 1006 orientalis
1025 965 1207 1007 Ecclesia
1235 964 1407 1006 liberari
1441 976 1527 1004 non
1556 963 1737 1014 meruit,
1772 965 1884 1002 certe
1909 959 2088 1001 coelestis
2107 971 2195 999 lne-

90 1050 177 1090 ruit
202 1048 371 1103 impleri
398 1053 439 1089 et
468 1047 630 1099 laetari,
660 1058 810 1100 nempe
834 1045 889 1086 ob
920 1058 1068 1086 corum
1100 1050 1280 1086 mortem
1303 1077 1312 1096 ,
1351 1064 1365 1079 «
1404 1043 1480 1098 qui
1509 1043 1552 1083 in
1579 1041 1790 1083 fructibus
1811 1040 2071 1095 prenitentiae
2090 1051 2197 1093 pur-

96 1148 111 1163 »
140 1133 256 1182 gatas
274 1128 404 1168 variis
419 1125 769 1168 tribulationibus
788 1124 955 1166 Christo
973 1125 1134 1165 animas
1158 1123 1452 1165 reddiderunt.
1479 1143 1493 1156 υ
1530 1123 1582 1162 Iit
1615 1120 1791 1175 quidem
1824 1120 1903 1160 1100
1939 1119 2081 1173 ipsum
2116 1121 2197 1167 est,

89 1208 209 1263 quod
237 1210 419 1250 Joannes
438 1239 449 1259 ,
479 1207 735 1248 Casae-Marii
773 1205 903 1246 abbas
939 1209 1110 1246 sanctus
1132 1236 1142 1256 ,
1165 1203 1272 1249 ,sihi
1303 1216 1355 1244 ex
1391 1201 1648 1242 revelatione
1687 1203 1953 1253 compertum
1983 1195 2201 1238 Bernardo

90 1286 361 1342 significavit.

151 1366 379 1406 LXXXIX.
415 1363 496 1405 Sed
530 1362 638 1418 quid
665 1375 885 1404 moramur
926 1363 971 1403 10
1015 1360 1274 1403 vindicando
1306 1358 1558 1401 Bernardo‘?
1593 1357 1714 1412 cujus
1746 1361 1865 1398 tanta
1898 1356 2128 1397 auctoritas
2159 1353 2203 1394 id

87 1443 342 1499 jamdudum
372 1442 560 1484 obtinuit
590 1441 705 1497 apud
737 1454 910 1494 omnes,
946 1441 1073 1483 etiam
1104 1438 1386 1481 heterodoxos
1406 1471 1416 1491 ,
1446 1443 1495 1480 ut
1531 1437 1623 1493 ejus
1652 1438 1760 1489 vita,
1792 1435 1948 1477 eximia
1976 1434 2202 1483 sanctitas,

91 1528 133 1564 et
148 1523 342 1565 doctrina
358 1523 575 1564 communi
592 1523 784 1564 omnium
802 1521 1010 1575 suffragio
1031 1525 1071 1561 et
1091 1518 1403 1561 existimatione
1425 1518 1512 1559 sint
1531 1515 1791 1571 approbatae.

151 1603 236 1644 XC.
273 1603 371 1643 Haec
388 1606 488 1643 sunt
508 1615 603 1657 quae
629 1601 798 1656 praefari
818 1602 959 1642 1151101
976 1604 1039 1641 est
1056 1599 1108 1640 de
1128 1611 1239 1639 nova
1260 1598 1338 1640 hac
1369 1598 1503 1639 sancti
1531 1595 1740 1638 Bernardi
1767 1595 1957 1649 Operum
1986 1591 2170 1633 editione
2193 1606 2201 1631 :

92 1694 188 1736 quae
222 1682 258 1722 si
285 1681 390 1721 viris
419 1681 621 1722 studiosis
646 1685 841 1722 accurata
865 1679 1097 1732 videbitur,
1122 1680 1302 1734 gratiam
1331 1678 1551 1719 habebunt
1575 1676 1818 1718 studiorum
1837 1686 2030 1715 meorum
2051 1673 2174 1713 sociis
2193 1704 2202 1722 ,

93 1761 260 1801 Domno
279 1760 474 1801 Michaeli
493 1761 702 1802 Germano
722 1765 762 1801 et
788 1761 840 1801 D.
869 1758 1128 1801 Theoderico
1152 1758 1384 1810 Ruinarto,
1410 1762 1538 1811 atque
1566 1757 1692 1798 etiam
1711 1757 1765 1796 D.
1799 1752 2025 1795 Edmundo
2048 1753 2206 1793 Marte-

95 1840 166 1880 nio
179 1871 190 1886 ,
212 1840 288 1894 qui
307 1852 479 1894 operam
496 1853 617 1881 suam
632 1841 677 1881 in
697 1839 807 1881 hanc
826 1839 1055 1881 editionem
1075 1843 1245 1880 strenue
1271 1842 1310 1878 et
1331 1840 1599 1891 peramanter
1629 1833 1945 1889 impenderunt.
1973 1830 2078 1872 Mihi
2104 1843 2206 1871 vero

96 1918 183 1960 haec
211 1931 297 1959 una
319 1919 374 1960 sit
400 1920 535 1972 gratia
551 1952 561 1972 ,
590 1920 668 1973 qui
693 1931 805 1959 unus
835 1931 988 1972 scopus
1008 1918 1118 1971 fuit,
1149 1918 1282 1959 sancti
1303 1916 1509 1958 Beruardi
1529 1914 1790 1963 cultoribus,
1813 1912 2029 1957 Ecclesiae,
2055 1915 2096 1952 et
2124 1910 2206 1951 rei-

98 1996 276 2050 publicae
296 1996 535 2039 christianae
548 1998 617 2040 vel
634 1997 851 2040 tantillum
864 1997 1169 2052 qualicumque
1187 1996 1332 2037 labore
1350 2008 1444 2037 ineo
1466 1995 1693 2050 profuisse.

148 2219 259 2263 Haec,
282 2217 414 2266 paucis
435 2216 609 2263 mutatis,
632 2217 814 2267 praefatus
836 2224 892 2253 cst
912 2220 960 2254 D.
982 2215 1169 2253 Mabillon
1189 2214 1238 2251 ad
1259 2213 1467 2251 secundam
1491 2224 1597 2248 suani
1623 2208 1742 2245 sancti
1763 2205 1948 2244 Bernardi
1970 2203 2180 2241 editionem
2195 2233 2203 2249 ‚

95 2296 210 2334 quam
230 2297 311 2334 prae
331 2284 478 2320 caeteris
495 2292 836 2333 repraesentamus,
858 2291 994 2333 utpote
1016 2296 1101 2332 quae
1118 2282 1211 2318 viris
1229 2280 1410 2317 studiosis
1430 2278 1553 2329 pluris
1574 2275 1775 2312 habeatur.
1798 2278 1912 2311 Anno
1940 2272 2038 2309 1719
2059 2270 2206 2321 prodiit

96 2350 213 2387 editio
232 2350 342 2387 tertia
362 2363 450 2387 cum
465 2350 580 2387 variis
600 2349 870 2387 additamentis
884 2379 893 2395 ,
915 2349 962 2385 de
980 2349 1121 2399 quibus
1140 2349 1213 2386 ista
1233 2348 1415 2397 leguntur
1429 2345 1475 2382 ad
1498 2346 1613 2381 tinem
1635 2340 1871 2392 praefationis
1890 2337 2176 2376 Mabillonianae
2196 2353 2203 2374 ε

97 2433 112 2449 «
133 2420 178 2454 D.
198 2420 413 2454 Massuetus
434 2429 591 2468 operam
614 2429 720 2454 suam
742 2416 781 2452 in
802 2416 899 2452 hanc
917 2415 1127 2452 editionem
1145 2415 1322 2451 conferre
1344 2420 1534 2463 coeperat,
1556 2418 1594 2447 et
1610 2422 1730 2460 porro
1752 2407 1928 2444 conferre
1951 2405 2203 2455 perrexisset,

99 2501 114 2516 υ
134 2483 174 2520 ni
193 2492 425 2534 praematura
446 2497 551 2521 mors
571 2483 791 2521 studiorum
812 2482 893 2533 ejus
914 2496 1069 2520 cursum
1091 2481 1320 2531 abrupisset.
1345 2479 1445 2517 Huic
1469 2477 1661 2514 debentur
1679 2488 1726 2512 ex
1746 2472 1947 2510 volumine
1967 2471 2095 2522 primo
2118 2470 2204 2507 duae

97 2568 111 2583 »
132 2563 265 2588 recens
287 2551 454 2588 inventae
477 2551 672 2602 epistolae,
704 2551 847 2588 scilicet
868 2549 1248 2600 quadringentesima
1281 2548 1428 2584 decima
1455 2554 1590 2582 octava
1618 2556 1704 2579 cum
1728 2538 2002 2589 subsequenti,
2032 2546 2070 2573 et
2094 2538 2204 2574 tertia

99 2634 113 2650 »
134 2617 249 2655 ducta
278 2631 326 2655 ex
356 2626 463 2655 tomo
492 2626 631 2668 quarto
653 2618 990 2655 Miscellaneorum
1011 2617 1140 2654 Baluz.
1163 2615 1302 2653 ordine
1325 2609 1705 2664 quadringentesima
1726 2607 1909 2656 vigesima
1930 2604 2086 2654 quinta,
2113 2616 2204 2640 nec-

101 2702 115 2718 »
135 2699 215 2722 000
236 2694 274 2723 et
294 2685 379 2723 duae
400 2686 562 2733 chartae,
592 2700 757 2736 quarum
779 2685 905 2736 prima
925 2694 982 2722 est
1002 2698 1075 2736 pro
1097 2682 1334 2721 Luxoviensi
1354 2689 1391 2717 et
1415 2682 1450 2717 S.
1472 2677 1568 2729 Apri
1590 2673 1852 2720 monasterii53
1876 2672 1994 2709 altera
2021 2684 2093 2721 pro
2117 2683 2204 2707 mo—

101 2769 116 2785 »
136 2752 304 2790 nasterio
326 2756 362 2791 S.
387 2753 568 2790 Amantii.
604 2757 649 2790 In
672 2753 794 2790 altero
828 2765 923 2790 vero
956 2751 1157 2788 volumine
1185 2750 1265 2786 11000
1295 2747 1541 2798 reperientur
1572 2756 1692 2788 nova,
1725 2740 1908 2777 nimirum
1939 2737 2074 2774 tertius
2107 2736 2206 2773 liber

100 2837 114 2850 υ
136 2819 317 2870 Epistolae
334 2819 380 2856 ad
401 2819 536 2856 fratres
551 2820 598 2857 de
614 2819 855 2864 Monte-Dei,
880 2828 918 2855 et
937 2817 1164 2857 Admonitio
1182 2820 1226 2853 D.
1245 2813 1427 2853 Massueti
1441 2841 1450 2858 ,
1468 2824 1541 2862 qua
1562 2808 1775 2860 Epistolam
1790 2806 1977 2854 integram
1995 2803 2204 2842 Guillelmo

102 2903 117 2918 »
139 2900 161 2924 a
179 2890 214 2925 S.
239 2886 477 2924 Theoderico
504 2887 762 2938 adscriptam,
797 2887 967 2938 Guigoni
987 2890 1019 2924 V
1043 2884 1199 2935 majoris
1233 2881 1416 2921 Cartusiae
1445 2877 1571 2916 Priori
1595 2875 1777 2912 vindicat.
1800 2876 1897 2910 Item
1930 2871 2001 2907 alia
2030 2869 2203 2919 ejusdem

103 2970 117 2986 υ
137 2951 363 2991 observatio
393 2967 479 3004 quae
513 2962 697 2991 tractatus
727 2953 773 2991 de
794 2951 1103 3004 Contemplando
1127 2954 1208 2988 Deo
1223 2979 1232 2996 ,
1257 2937 1299 2986 ac}
1321 2947 1367 2984 de
1388 2950 1532 2985 “Natura
1549 2952 1587 2980 et
1607 2941 1802 2992 Dignitate
1823 2937 1977 2977 Amoris
1996 2936 2203 2976 Guillelmo

103 3035 118 3051 »
135 3030 155 3054 a
179 3021 215 3057 S.
235 3019 471 3057 Theoderico
487 3019 694 3070 adjudicat.
716 3021 891 3070 Denique
907 3020 1081 3070 Epistola
1097 3015 1313 3055 Tromundi
1330 3012 1509 3052 monachi
1523 3006 1848 3049 Clarae-Vallensis
1881 3004 1927 3042 de
1953 3008 1987 3042 S.
2018 3002 2203 3041 Bernardi

104 3102 119 3118 »
138 3086 450 3133 canonizatione,
486 3087 649 3124 antehac
680 3087 869 3124 inedita.»
899 3090 993 3135 Quae
1022 3085 1285 3123 additamenta
1310 3095 1387 3119 non
1420 3080 1545 3118 5011101
1577 3091 1655 3115 000
1683 3073 2034 3126 praeterniittuntur
2066 3071 2104 3106 in
2134 3070 2204 3106 hae

103 3161 238 3201 quarta
257 3153 448 3201 editione3
471 3153 537 3191 sed
557 3153 784 3191 exhibemus
811 3154 967 3204 triginta
987 3166 1053 3190 sex
1077 3151 1198 3189 sancti
1217 3148 1405 3188 Bernardi
1433 3145 1635 3197 epistolas,
1662 3155 1779 3193 quas,
1813 3138 1998 3177 absolutis
2014 3137 2095 3187 jam
2135 3149 2203 3172 su—

104 3218 285 3267 pradictis
313 3219 564 3267 editionibus,
594 3220 796 3273 descripsit
815 3224 860 3258 D.
883 3223 1056 3257 Martene
1085 3232 1133 3256 ex
1152 3215 1424 3266 manuscriptis
1447 3211 1644 3251 codicibus
1659 3240 1667 3256 ‚
1692 3208 1835 3247 scilicet
1865 3205 2017 3255 triginta
2036 3210 2202 3252 quatuor

107 3296 152 3320 ex
166 3284 395 3332 Vedastino‚
419 3284 535 3323 unam
557 3301 603 3324 ex
620 3287 931 3337 Aquicinctensi‚
946 3287 1183 3335 alteramque
1206 3284 1377 3334 spuriam
1399 3295 1443 3319 ex
1465 3276 1713 3322 Verdinensi3
1730 3274 1955 3325 primusque
1975 3267 2147 3318 vulgavit
2163 3267 2202 3303 in

110 3351 338 3401 amplissima
362 3354 597 3391 Collectione
618 3362 791 3392 veterum
815 3354 1057 3405 Scriptorum
1077 3361 1148 3390 etc.
1174 3360 1278 3389 tomo
1300 3355 1329 3396 Ι,
1351 3362 1436 3401 pag.
1457 3344 1651 3385 725-74'1.
1674 3343 1831 3380 Illarum
1854 3346 1980 3375 autem
2005 3335 2127 3384 prima
2149 3342 2202 3369 est
