2533 3920
1100 198 1135 232 s.
1167 195 1423 231 naamam
1451 181 1653 229 Ixssssssls
2346 193 2421 232 280

1355 270 1403 289 ¹⁰³
1416 271 1524 309 vobis
1544 283 1616 321 pro
1631 269 1714 319 ipso
1730 275 1970 305 constantem
1989 268 2222 315 remisimus,
2254 278 2290 307 et
2319 272 2422 310 nulla

340 354 1346 366 ....................................................................
1364 332 1394 366 A
1409 331 1509 382 jam,
1527 340 1569 368 ut
1587 330 1812 380 opinamur,
1831 330 2124 379 scrupulositate
2141 330 2300 379 pristina
2316 331 2422 370 labo-

340 195 415 234 275)

589 481 960 537 EPISTOLA
1006 483 1070 538 C.

606 639 651 660 AD
672 638 879 662 EPISCOPEM
901 638 1099 667 QUENDAM.

343 756 416 797 Ejus
434 767 506 799 erga
525 757 698 800 Religiosos
717 768 870 800 pauperes
887 756 1025 788 favorem
1040 780 1046 794 ‚
1066 762 1096 787 et
1113 754 1350 786 beneficentiam

786 812 903 843 laudat.

396 933 432 970 Si
466 934 590 972 minus
621 949 689 972 vos
716 949 787 985 pro
823 936 917 972 tanti
949 934 1076 985 operis
1107 934 1352 984 susceptione

344 994 490 1030 fervere
517 996 852 1045 comperissemus,
873 994 1085 1032 hortandus
1106 993 1217 1030 nobis
1238 1006 1353 1043 super

1417 400 1578 428 rantem.
1601 394 1759 428 Causam
1781 389 1925 439 quippe
1945 390 2131 427 adventus
2150 390 2252 439 ejus,
2273 405 2422 430 necnon

1417 460 1455 488 et
1486 450 1726 488 discessionis
1748 449 1905 485 modum
1935 458 1973 486 et
1992 450 2244 487 intentionem
2266 451 2423 489 sollicite

1418 511 1530 549 nobis
1550 508 1900 562 persfflutantibuS,
1920 509 2173 547 intentionem
2195 511 2349 560 quidem
2366 512 2426 549 vi-

1419 586 1481 610 sus
1504 581 1560 609 est
1580 570 1721 608 habere
1741 569 2036 620 inculpabilem,
2055 571 2121 608 sed
2141 585 2292 609 causam
2313 573 2426 622 plane

1419 646 1497 669 non
1527 632 1778 670 sufficientem
1796 660 1805 678 ,
1826 639 1868 667 ut
1887 631 1950 667 tali
1978 631 2115 678 modo,
2136 631 2175 668 id
2203 640 2259 668 est
2280 632 2359 668 sine
2378 632 2426 669 li-

1416 694 1562 739 centia,
1601 691 1794 729 discedere
1824 691 2030 729 debuisset.
2064 692 2177 730 Unde
2209 700 2248 729 et
2275 701 2426 743 sumpta

1412 753 1526 803 justae
1554 754 1591 790 in
1618 766 1705 789 cnm
1734 753 1964 789 invectionis
1986 752 2210 799 occasione,
2230 752 2427 803 increpato

1418 822 1460 850 ut
1477 812 1704 863 oportebat,
1725 822 1763 850 et
1779 814 2006 850 confirmato
2027 813 2066 849 in
2087 812 2228 862 quibus
2247 812 2427 861 nutabat,

1419 873 1583 910 reditum
1605 873 1637 909 ei
1657 873 1927 923 persuasimus.
1948 876 1996 909 Et
2017 886 2089 923 pro
2110 872 2296 910 redeunte
2316 886 2428 923 roga—

1419 946 1504 969 mus
1518 962 1528 979 ,
1563 933 1798 969 dilectissimi
1834 934 1968 970 fratres
1985 961 1994 978 ,
2031 946 2112 970 esse
2145 946 2215 970 vos
2251 932 2430 970 videlicet

1418 992 1654 1043 praestabiles
1686 1006 1801 1043 super
1837 993 1963 1030 fratris
2002 994 2302 1044 praesumptione
2319 1023 2329 1041 ,
2363 993 2429 1031 sed

345 1053 418 1089 hoc
434 1062 471 1089 et
489 1054 748 1093 obsecrandus
769 1056 910 1092 essetis.
928 1059 1037 1092 Nunc
1054 1068 1148 1091 vero
1166 1067 1251 1090 cum
1273 1053 1351 1103 pri·
1370 1056 1397 1090 B
1418 1054 1718 1104 praesumptione
1731 1083 1740 1101 ,
1757 1062 1801 1090 ut
1816 1053 1973 1100 videtis,
1989 1054 2078 1091 satis
2093 1054 2277 1104 simplici,
2297 1063 2334 1092 et
2351 1068 2429 1092 non

346 1126 406 1149 ma
425 1114 645 1151 invitaverit
666 1129 735 1152 nos
762 1125 889 1153 vestra
908 1128 1146 1166 praecurrens
1173 1114 1327 1151 devotio
1342 1142 1352 1160 ,

344 1182 460 1210 restat
489 1184 529 1210 nt
553 1175 586 1211 ei
616 1189 636 1212 a
662 1189 739 1225 quo
772 1175 873 1213 bona
896 1184 1032 1212 cuncta
1058 1174 1294 1226 procedunt,
1317 1182 1355 1211 et

348 1233 556 1271 referamus
581 1244 705 1285 grates
725 1249 797 1286 pro
815 1235 919 1273 bono
937 1236 1040 1286 quod
1059 1235 1164 1272 dedit
1178 1236 1297 1283 velle3
1317 1243 1355 1272 et

348 1294 552 1332 fundamus
583 1310 737 1346 preces,
764 1306 805 1333 ut
831 1296 984 1346 adjiciat
1007 1305 1045 1334 et
1071 1297 1253 1347 perlicere
1282 1309 1354 1346 pro

346 1354 446 1391 bona
468 1357 678 1394 voluntate.
694 1361 836 1394 Tamen
858 1358 1037 1408 gaudium
1057 1371 1183 1394 meum
1201 1370 1278 1393 non
1302 1365 1354 1393 ta-

346 1415 441 1452 cebo
469 1416 588 1454 vobis.
612 1421 713 1466 Quas
739 1432 877 1469 nempe
904 1419 1045 1468 putatis
1070 1418 1221 1455 delicias
1246 1417 1354 1454 cordi

347 1490 432 1512 meo
453 1478 586 1514 afferat
607 1488 731 1516 vestra
749 1479 1015 1528 hujuscemodi
1035 1479 1225 1516 intentio?
1245 1479 1354 1516 Dele-

344 1536 509 1574 etabitur
532 1540 571 1575 in
593 1540 842 1576 crassitudine
861 1540 986 1577 anima
1008 1553 1110 1586 mea,
1128 1540 1157 1576 si
1173 1540 1352 1589 infatiga-

343 1596 459 1634 bilem
493 1612 711 1648 cognovero
739 1614 809 1637 vos
833 1601 872 1637 in
897 1600 1031 1638 studiis
1058 1599 1287 1637 salutaribus
1316 1607 1353 1635 et

344 1657 526 1695 honestis.
561 1660 720 1698 Gaudeo
749 1661 870 1707 enim,
902 1674 980 1697 non
1012 1661 1101 1710 quia
1123 1673 1254 1710 quaero
1282 1659 1352 1696 do-

344 1731 460 1763 num,
493 1719 558 1756 sed
585 1721 739 1770 requiro
774 1722 954 1759 fructum.
986 1721 1170 1759 Libenter
1205 1721 1351 1771 accipio

344 1777 572 1817 beneficium
607 1782 711 1831 quod
744 1783 866 1832 prosit
900 1783 1026 1830 danti3
1065 1782 1235 1832 alioquin
1273 1796 1350 1819 non

1421 1114 1609 1150 malitiosa
1631 1129 1639 1151 ε
1664 1114 1978 1164 quandoquidem
2000 1127 2124 1164 neque
2143 1115 2190 1151 ad
2212 1115 2428 1163 dexteram,

1421 1189 1546 1225 neque
1574 1175 1621 1212 ad
1649 1176 1840 1213 sinistram
1872 1175 2098 1224 declinavit3
2121 1175 2187 1213 sed
2217 1176 2362 1213 directo
2382 1177 2430 1214 ad

1421 1249 1491 1272 nos
1516 1236 1665 1272 tramite
1685 1236 1814 1282 venit,
1837 1249 1934 1286 quos
1956 1236 2089 1286 utique
2113 1250 2186 1287 pro
2213 1245 2318 1274 certo
2340 1237 2437 1274 scie:

1420 1294 1486 1332 bat
1510 1304 1646 1332 vestrae
1676 1309 1756 1332 esse
1779 1296 1987 1333 sanctitatis
2010 1310 2163 1343 servos,
2187 1305 2323 1334 vestrae
2342 1297 2432 1334 reli-

1420 1356 1542 1405 gionis
1577 1365 1766 1393 amatores
1799 1357 2095 1404 sincerissimos,
2126 1366 2164 1394 et
2191 1358 2431 1396 aemulatores

1421 1416 1673 1453 fidelissimos.
1705 1417 1890 1467 Suscipite
1919 1431 2010 1467 ergo
2040 1431 2127 1455 eum
2154 1431 2243 1464 vos,
2266 1418 2332 1468 qui
2354 1418 2432 1469 spi-

1423 1478 1578 1514 rituales
1599 1478 1709 1524 estis,
1735 1478 1773 1514 in
1797 1478 1933 1528 spiritu
1959 1478 2142 1525 lenitatis;
2161 1479 2432 1515 confirmetur-

1425 1552 1499 1588 que
1529 1539 1567 1575 in
1594 1552 1640 1575 eo
1671 1539 1856 1585 charitas,
1878 1548 1916 1576 et
1943 1548 2100 1577 excuset
2122 1540 2264 1576 malum
2293 1539 2432 1576 factum

1418 1599 1584 1636 intentio
1623 1598 1737 1636 bona.
1772 1603 1855 1636 Imo
1893 1608 2119 1650 recuperate
2150 1613 2236 1637 cum
2267 1598 2430 1649 gaudio,

1419 1671 1533 1708 quem
1568 1657 1754 1695 dolebatis
1789 1659 1994 1705 amissum3
2030 1667 2350 1708 contractamque
2388 1657 2434 1695 de

1419 1719 1545 1755 fratris
1584 1719 1803 1768 egressione
1831 1733 1873 1756 ac
1902 1719 2204 1769 transgressione
2243 1719 2433 1756 tristitiam

1421 1780 1561 1829 effuget
1583 1780 1762 1817 citissima
1783 1780 1829 1817 de
1847 1781 2083 1831 regressione
2103 1780 2245 1818 laetitia.
2270 1780 2432 1819 Confido

345 1838 502 1877 ambulo
535 1841 574 1878 in
598 1842 780 1880 charitate
807 1844 870 1880 illa
901 1857 985 1893 quae
1009 1857 1088 1880 non
1112 1843 1249 1893 quaerit
1269 1856 1354 1892 quae
1374 1843 1401 1880 C
1420 1849 1544 1877 autem
1564 1840 1610 1877 de
1628 1841 1912 1891 Omnipotentis
1927 1841 2201 1887 misericordia,
2221 1840 2311 1891 quia
2326 1841 2436 1891 quid·

349 1913 416 1937 sua
438 1912 528 1938 sunt
546 1908 570 1938 ¹.
599 1905 646 1939 Et
672 1903 827 1953 quidem
858 1903 970 1943 nobis
992 1904 1029 1940 in
1053 1904 1126 1940 hoc
1146 1903 1244 1940 bene
1267 1904 1354 1940 faci—

350 1961 416 2006 tis,
439 1961 504 1998 sed
527 1961 638 2000 vobis
658 1964 792 2000 melius
817 1979 825 2001 ε
855 1964 927 2001 nisi
956 1965 1053 2001 forte
1080 1964 1221 2001 excidit
1243 1963 1354 2000 vobis

346 2020 412 2057 illa
456 2023 664 2070 sententia,
700 2026 860 2060 Beatius
895 2034 949 2061 est
985 2027 1078 2061 (lare
1109 2039 1222 2074 quam
1252 2029 1354 2060 acci-

340 2095 435 2129 pere
454 2088 479 2118 ².
508 2086 590 2120 Hoc
621 2085 733 2134 plane
769 2085 875 2122 decet
910 2086 1153 2136 episcopum,
1188 2085 1262 2121 hoc
1295 2098 1354 2121 sa-

345 2141 557 2180 cerdotium
588 2153 756 2181 vestrum
791 2146 1056 2192 commendat,
1093 2154 1205 2182 ornat
1237 2159 1352 2181 coro·

345 2215 446 2248 nam,
466 2203 642 2241 nobilitat
659 2205 897 2255 dignitatem,
913 2207 941 2243 si
961 2220 1073 2256 quem
1097 2205 1352 2242 ministerium

343 2264 523 2313 prohibet
549 2279 629 2303 esse
657 2280 888 2317 pauperem,
910 2267 1190 2304 administratio
1212 2265 1352 2317 probet

345 2337 558 2375 pauperum
605 2336 826 2365 amatorem.
859 2332 942 2366 Non
994 2329 1095 2366 enim
1144 2336 1350 2378 paupertas

344 2384 466 2422 virtus
494 2396 711 2437 reputatur,
733 2389 799 2426 sed
820 2390 1056 2440 paupertatis
1085 2403 1204 2426 amor.
1236 2389 1351 2427 Deni-

347 2458 423 2494 que
444 2445 543 2483 beati
559 2463 761 2498 pauperes,
784 2464 860 2487 non
884 2450 1019 2497 rebus,
1043 2449 1109 2488 sed
1136 2455 1269 2499 spiritu
1284 2448 1310 2487 3.

342 2579 1360 2594 =====================================================================

576 2708 956 2765 EPISTOLA
1017 2711 1111 2767 CI.

705 2858 751 2879 AD
771 2857 1006 2882 RELIGIOSOS.

348 2963 541 2996 Monachum
559 2965 611 3008 qni
627 2966 694 2998 sine
707 2967 829 2999 licentia
847 2969 1027 3000 discesserat
1044 2993 1051 3007 ‚
1074 2968 1256 3000 redeuntem
1272 2969 1357 3001 beni-

672 3033 730 3063 gne
752 3023 863 3065 suscipi
883 3023 1032 3065 postulat.

403 3141 573 3177 Fratrem
594 3141 838 3179 Lambcrtum
854 3171 862 3189 ,
885 3157 997 3194 quem
1014 3143 1052 3179 in
1068 3143 1257 3193 aliquibus
1276 3145 1355 3181 for-

353 3207 388 3235 te
412 3200 657 3239 fluctuantem
680 3204 917 3254 suscepimus
932 3233 942 3250 ,
969 3204 1167 3241 orantibus
1200 3205 1355 3254 quidem

404 3351 409 3365 ¹
431 3349 531 3377 [Cor.
550 3359 613 3377 λιιι
627 3371 634 3385 ,
653 3353 682 3380 ξ).
702 3369 735 3371 -»
762 3356 772 3370 ²
790 3353 861 3381 Act.
884 3355 1070 3387 xx,13„'›.—
1097 3349 1111 3372 3
1129 3351 1244 3383 Manli.
1267 3364 1295 3390 v,
1313 3357 1344 3384 3.

1419 1901 1512 1951 quid
1532 1902 1773 1952 exasperavit
1789 1902 2007 1939 inordinata
2031 1902 2212 1940 discessio
2228 1931 2238 1949 ,
2257 1910 2434 1953 postmo-

1423 1962 1514 1999 dum
1532 1962 1688 1999 deliniet
1702 1963 1905 2000 emendata
1921 1962 2176 2000 conversatio.

1538 2101 2292 2111 ικνιιιικνιικςιιιςὶιικ-«πνινιιιιπιηνινιυιυιιινιςινηκ
2298 2100 2436 2110 ιιηιηκιιιι

1649 2223 2024 2280 EPISTOLA
2061 2224 2188 2281 CII.

1695 2377 1741 2399 AD
1763 2377 1870 2407 QUEM
1876 2377 1950 2399 ΒΑΜ
1969 2377 2139 2399 ΑΒΒΑΤΕΜ
2145 2393 2152 2400 .

1426 2492 1577 2524 Monachi
1605 2493 1766 2536 cujusdam
1794 2493 1912 2536 dyscoli
1947 2493 2200 2526 emendationem
2230 2494 2316 2525 omni
2342 2494 2436 2527 modo

1475 2548 1656 2579 tentandam
1675 2559 1682 2579 :
1701 2548 1754 2579 sed
1772 2547 2016 2590 incorrigibilem
2039 2548 2228 2591 ejiciendum
2243 2571 2251 2587 ,
2267 2559 2307 2580 ne
2333 2549 2438 2592 plures

1474 2602 1540 2644 ejus
1555 2602 1712 2634 consortio
1727 2601 1949 2644 depraventur.

1484 2725 1516 2761 1.
1547 2726 1669 2774 Super
1690 2723 1804 2761 fratre
1827 2722 1980 2760 turbato
1999 2752 2008 2769 ‚
2028 2732 2066 2760 et
2082 2721 2262 2760 turbante
2279 2723 2412 2760 fratres
2425 2751 2434 2769 ,

1427 2792 1464 2821 et
1481 2792 1750 2821 contemnente
1765 2783 2001 2833 magistrum,
2017 2782 2135 2820 breve
2147 2782 2229 2829 tibi,
2245 2782 2312 2820 sed
2326 2782 2436 2819 fidele

1429 2844 1564 2881 damus
1587 2844 1803 2881 consilium.
1831 2842 1983 2881 Diaboli
2006 2843 2175 2880 studium
2201 2851 2257 2879 cst
2277 2842 2435 2880 circuire

1427 2906 1466 2942 in
1496 2905 1612 2942 domo
1642 2905 1712 2942 Dei
1731 2933 1740 2950 ,
1763 2913 1801 2941 ct
1821 2917 1992 2954 qnaererc
2012 2917 2125 2954 quem
2149 2903 2310 2940 devoret
2333 2918 2340 2940 :
2364 2912 2436 2940 tuae

1424 2980 1445 3003 e
1458 2974 1591 3003 contra
1608 2965 1827 3015 vigilantiae,
1841 2965 1879 3002 in
1897 2973 2083 3016 quantum
2099 2972 2222 3014 poteS,
2239 2976 2436 3013 nunquam

1425 3027 1554 3063 locuni
1588 3026 1678 3063 dare
1711 3025 1878 3063 diabolo.
1905 3029 2058 3074 Quanto
2088 3025 2204 3075 igitur
2229 3024 2291 3061 illc
2313 3024 2435 3061 acrius

1425 3087 1577 3133 insistit,
1596 3085 1794 3136 quomodo
1812 3099 1832 3122 a
1854 3099 1966 3135 grege
1982 3085 2171 3121 inlirmam
2193 3092 2343 3134 separet
2359 3083 2437 3121 ovi-

1428 3148 1577 3194 culam,
1602 3156 1788 3197 quatenns
1815 3160 1861 3184 co
1891 3145 2065 3183 licentius
2093 3145 2238 3195 rapiat,
2263 3157 2340 3194 quo
2356 3143 2434 3193 jam

1424 3222 1501 3246 non
1526 3208 1638 3246 suerit
1660 3207 1724 3259 qui
1747 3206 1905 3257 eripiat3
1922 3215 2026 3244 tanto
2047 3206 2196 3243 enixius
2210 3204 2300 3251 tibi,
2317 3216 2435 3254 quan-
