2533 3920
346 215 411 251 111

339 292 618 331 commilitones
650 298 754 334 tuos,
789 302 885 338 quos
917 288 1064 337 fugiens
1098 287 1340 336 deserueras;

341 362 382 390 ut
404 352 470 403 qui
492 360 527 388 te
554 350 602 388 ab
628 350 681 386 eis
706 347 966 398 disjunxerat,
988 347 1068 397 ipse
1090 356 1125 384 te
1152 348 1280 385 denuo
1301 349 1349 385 ti-
1367 350 1395 384 A

342 426 428 454 mor
444 411 593 462 jungat.
620 409 720 458 Quid
746 421 940 446 armorum
967 407 1107 457 refugis
1129 408 1282 458 pondus
1310 417 1349 445 et

343 472 606 523 asperitatem,
641 470 799 507 delicate
834 468 970 505 miles?
1003 467 1256 505 Adversarius
1286 468 1348 504 in-

343 542 446 570 stans
463 540 501 569 et
520 529 832 568 circumvolantia
851 528 997 578 spicula
1018 527 1154 564 sacient
1171 529 1350 578 clypeum

344 607 422 630 non
438 605 518 629 esse
540 592 667 636 oneri,
685 589 841 626 loricam
862 601 938 624 non
959 587 1091 624 sentiri
1111 587 1171 624 vel
1192 588 1348 637 galeam.

344 657 392 690 Et
413 652 568 702 quidem
594 650 720 688 subito
749 647 972 699 procedenti
989 648 1035 684 de
1056 646 1191 684 umbra
1217 647 1264 684 ad
1291 660 1351 684 so-

344 714 439 760 lem,
460 712 507 749 de
534 712 613 748 otio
633 710 679 747 ad
699 708 869 746 laborem
883 737 893 755 ,
914 720 1028 757 grave
1049 707 1218 744 cernitur
1237 720 1351 744 omne

345 772 451 823 quod
467 771 621 822 incipit3
642 769 707 807 sed
728 777 931 819 postquam
951 766 998 804 ab
1019 767 1076 805 his
1098 767 1349 813 dissuescere,

347 842 384 871 et
407 833 454 870 ad
471 833 534 868 illa
554 844 592 868 se
612 830 806 880 paulisper
825 840 1037 865 assuescere
1065 827 1242 877 coeperit,
1262 839 1352 863 usus

347 893 445 930 tollit
469 891 751 935 difficultatem,
776 888 998 937 invenitque
1020 887 1128 923 facile
1150 899 1230 924 esse
1247 886 1353 936 quod

347 951 581 1002 impossibile
614 958 700 987 ante
727 948 887 998 putavit.
920 947 1051 985 Solent
1077 946 1188 983 etiam
1225 946 1353 982 fortis-

348 1013 433 1052 simi
461 1011 600 1048 milites
633 1008 762 1046 audita
794 1005 954 1044 buccina
987 1014 1073 1042 ante
1105 1018 1350 1054 congressum

1105 211 1140 246 S.
1173 211 1424 248 BERNARDI
1453 212 1655 247 ABBATIS

2345 206 2416 243 112

1460 301 1606 325 manus
1629 294 1818 337 peccator,
1839 284 1926 320 inde
1947 285 2064 322 laetari
2085 285 2122 321 in
2144 283 2417 329 adolescentia,

1467 348 1569 385 unde
1585 348 1624 384 in
1645 353 1838 384 senectute
1857 357 1934 381 non
1957 344 2150 394 poeniteat.

1472 469 1504 506 1.
1533 471 1617 505 Non
1646 466 1765 502 miror
1789 465 1819 502 si
1846 464 2015 511 mireris,
2037 464 2102 501 sed
2131 464 2250 501 miror
2278 463 2308 501 si
2341 475 2420 500 non

1416 527 1582 573 mireris,
1611 526 1711 562 unde
1737 524 1830 561 mihi
1858 532 1901 560 ut
1930 524 1978 560 ad
2005 533 2040 561 te
2071 523 2237 561 scribere
2263 523 2420 568 vellem,

1416 587 1538 624 civem
1560 587 1722 622 rusticus
1735 612 1744 630 ,
1765 584 2057 621 scholasticumc
2082 584 2291 621 monachus
2306 612 2316 630 ,
2334 595 2421 619 cum

1416 646 1519 684 nulla
1536 645 1624 682 hinc
1645 644 1711 681 tibi
1733 644 1880 682 occasio
1900 644 2111 682 necessaria
2130 651 2323 689 occurrat,
2339 642 2425 679 nul-

1417 708 1453 744 la
1480 719 1519 743 se
1552 705 1649 742 ratio
1685 713 1818 754 patens
1854 704 2040 742 ostendat.
2072 709 2124 743 At
2156 705 2187 741 si
2218 702 2425 741 attenderis

1418 766 1523 816 quod
1548 765 1731 814 scriptum
1759 764 1874 814 legis,
1896 764 2137 813 Sapientibus
2154 773 2190 800 et
2212 767 2425 812 insipienti-

1419 826 1484 863 bus
1508 825 1651 861 debitor
1676 838 1753 860 sum
1768 823 1799 870 33
1824 833 1862 861 et
1881 823 1997 871 illud,
2023 825 2193 860 Charitas
2218 837 2292 860 non
2316 836 2425 872 (μαε-

1420 892 1468 923 νίι
1487 900 1575 935 quoe
1595 899 1662 922 sua
1683 884 1792 921 santi
1813 898 1821 920 τ
1842 884 2001 921 forsitan
2028 884 2216 934 intelliges
2235 881 2425 933 quidquid

1419 947 1483 984 illa
1505 945 1681 995 jusserit,
1716 958 1795 982 non
1821 957 1902 982 esse
1932 953 2224 996 praesumptum.
2256 942 2427 981 Charitas

1419 1007 1521 1043 enim
1549 1005 1596 1042 ad
1628 1013 1664 1042 te
1699 1003 1980 1055 objurgandum
2014 1018 2074 1042 me
2106 1003 2311 1054 compulit,
2341 1015 2428 1052 quae

349 1072 559 1122 trepidare3
591 1078 629 1106 at
659 1067 723 1105 ubi
745 1067 792 1105 ad
820 1066 995 1117 praelium
1026 1074 1184 1103 ventum
1213 1065 1351 1111 suerit,
1374 1065 1402 1099 Β
1425 1066 1490 1103 tibi
1519 1066 1719 1112 condolet,
1745 1065 1919 1115 quamvis
1950 1077 2028 1101 non
2058 1064 2222 1111 dolenti3
2248 1076 2334 1114 quae
2361 1061 2428 1098 tibi

348 1146 434 1183 spes
453 1131 620 1168 victoriae
635 1158 644 1175 ,
662 1137 700 1166 et
719 1128 834 1165 timor
852 1140 899 1163 ne
919 1126 1134 1171 vincantur,
1154 1125 1278 1162 reddit
1298 1125 1355 1161 in-

349 1192 529 1243 trepidos.
547 1189 647 1238 Quid
667 1201 759 1225 vero
786 1196 827 1224 tu
850 1186 1016 1237 trepidas
1029 1215 1038 1233 ,
1059 1199 1173 1235 quem
1194 1186 1353 1222 fratrum

348 1252 582 1292 unanimitas
603 1256 837 1287 armatorum
861 1245 1172 1292 circummuniet,
1198 1246 1258 1282 cui
1277 1250 1354 1283 An-

349 1315 420 1364 geli
450 1312 625 1350 assistent
654 1323 676 1346 a
705 1309 844 1352 latere,
871 1320 984 1357 quem
1016 1305 1094 1342 dux
1123 1305 1213 1342 belli
1246 1305 1355 1344 Chri-

350 1383 429 1411 stus
459 1370 629 1423 praeibit,
659 1380 749 1405 suos
779 1367 951 1404 animans
983 1365 1028 1402 ad
1061 1365 1284 1410 victoriam,
1317 1373 1356 1402 et

351 1435 479 1472 dicens
497 1447 504 1469 :
530 1431 733 1478 Confiditc,
754 1441 820 1476 ego
841 1431 917 1462 vice·
937 1427 1116 1462 mutulam
1134 1432 1141 1446 ¹
1159 1427 1174 1461 Ρ
1195 1426 1231 1462 Si
1252 1425 1356 1462 Chri-

351 1503 429 1531 stus
448 1505 520 1542 pro
542 1490 670 1535 nobis,
696 1488 780 1539 quis
801 1494 932 1525 contra
955 1485 1078 1538 nosff?
1098 1487 1260 1522 Securus
1281 1497 1356 1534 po-

351 1565 406 1591 tes
426 1564 597 1603 pugnare
612 1579 621 1596 ,
645 1549 709 1586 ubi
729 1559 884 1586 securus
903 1558 942 1582 es
963 1545 1010 1582 de
1028 1544 1197 1581 victoria.
1216 1547 1247 1582 Ο
1269 1557 1356 1580 vere

351 1622 432 1651 tuta
464 1625 549 1649 cum
579 1610 750 1655 Christo,
777 1616 814 1643 et
847 1619 918 1656 pro
948 1604 1097 1643 Christo
1136 1606 1283 1654 pugna!
1316 1604 1357 1640 in

351 1688 425 1724 qua
452 1686 522 1710 nec
547 1671 789 1714 vulneratus,
811 1680 880 1704 nec
901 1673 1140 1715 prostratus,
1168 1678 1238 1701 nec
1265 1677 1357 1701 con-

352 1735 520 1771 culcatus
535 1761 545 1778 ,
577 1744 647 1767 nec
674 1728 808 1766 millies
838 1726 892 1777 (si
915 1724 996 1762 fieri
1023 1723 1166 1775 possit)
1187 1724 1355 1769 occisus,

356 1790 589 1831 fraudaberis
609 1803 629 1826 a
652 1786 833 1833 victoria,
856 1793 1002 1825 tantum
1028 1796 1077 1820 ne
1109 1783 1240 1833 fugias.
1273 1784 1360 1822 Sola

1421 1127 1634 1173 miseretur,
1659 1126 1747 1162 licet
1772 1138 1851 1162 non
1878 1124 2095 1161 miserabili.
2116 1127 2164 1162 Et
2194 1123 2284 1160 inde
2310 1122 2429 1171 magis

1420 1185 1544 1233 dolet,
1564 1185 1668 1236 quod
1696 1198 1782 1222 cum
1811 1185 1860 1222 sis
1890 1183 2098 1230 dolendus,
2121 1196 2201 1220 non
2228 1182 2364 1219 doles:
2393 1189 2430 1218 et

1421 1245 1508 1283 inde
1529 1246 1646 1296 magis
1666 1246 1880 1292 miseretur,
1903 1245 2007 1295 quod
2028 1257 2114 1282 cum
2137 1244 2251 1281 miser
2270 1243 2336 1288 sis,
2357 1242 2431 1278 mi-

1421 1305 1590 1343 serabilis
1610 1319 1689 1342 non
1715 1319 1766 1342 es.
1789 1309 1867 1343 Nec
1888 1305 2025 1342 frustra
2052 1304 2210 1341 forsitan
2234 1302 2303 1339 tibi
2329 1315 2432 1338 com-

1421 1366 1589 1416 patitur,
1623 1365 1833 1402 dummodo
1864 1365 2054 1417 patienter
2093 1373 2133 1401 tu
2167 1363 2300 1401 audias
2329 1361 2433 1399 unde

1423 1426 1687 1475 compatiatur.
1708 1425 1800 1462 Vult
1820 1433 1855 1461 te
1878 1433 1982 1461 tuum
2010 1424 2150 1461 sentire
2170 1423 2343 1460 dolorem
2358 1450 2368 1468 ,
2391 1429 2434 1458 ut

1418 1485 1498 1534 jam
1533 1499 1611 1521 non
1646 1484 1786 1522 habeas
1819 1484 1922 1521 unde
1961 1484 2091 1521 dolere
2116 1484 2227 1521 :vult
2256 1491 2292 1520 te
2330 1490 2433 1519 tuam

1423 1545 1517 1582 scire
1544 1545 1756 1592 miseriam,
1774 1553 1818 1581 ut
1842 1545 2001 1595 incipias
2032 1545 2146 1582 miser
2173 1557 2252 1582 non
2280 1556 2372 1580 esse.
2402 1545 2434 1580 Ο

1423 1604 1525 1642 bona
1549 1613 1670 1641 mater
1686 1604 1868 1650 charitas,
1889 1617 1975 1654 quae
1994 1604 2074 1641 sive
2095 1604 2222 1641 foveat
2240 1603 2413 1640 infirmos
2425 1631 2435 1648 ‚

1425 1666 1504 1702 sive
1537 1673 1711 1703 exerceat
1742 1673 1967 1716 provectos,
2001 1665 2081 1702 sive
2115 1673 2250 1715 arguat
2282 1663 2435 1713 inquie-

1427 1733 1510 1772 tos,
1536 1725 1695 1763 diversis
1716 1725 1866 1761 diversa
1895 1724 2103 1772 exhibens,
2124 1725 2221 1762 sicut
2252 1724 2350 1760 filios
2377 1723 2438 1760 di-

1427 1785 1507 1835 tigit
1534 1785 1754 1823 universos!
1776 1787 1871 1822 Cum
1895 1793 1931 1821 te
1959 1785 2101 1835 arguit,
2123 1785 2223 1822 mitis
2251 1792 2326 1831 est3
2351 1795 2437 1820 cum

355 1867 482 1898 causa,
503 1864 577 1901 qua
603 1848 763 1900 perdere
791 1846 913 1897 possis
932 1844 1132 1881 victoriam
1149 1871 1159 1889 ,
1183 1843 1270 1893 fuga
1292 1852 1360 1880 est.
1380 1847 1408 1883 C
1426 1843 1636 1892 blanditur,
1658 1844 1819 1895 simplex
1848 1852 1916 1881 est.
1944 1844 2008 1881 Pie
2039 1845 2137 1882 solet
2168 1844 2325 1890 saevire,
2355 1842 2436 1879 sine

357 1912 549 1963 Fugiendo
575 1919 684 1960 potes
711 1909 814 1945 illam
834 1906 1008 1944 amittere
1023 1934 1032 1951 ,
1055 1903 1254 1940 moriendo
1282 1916 1362 1940 non

357 1983 466 2025 potes
498 1988 505 2009 :
528 1980 565 2009 et
586 1970 719 2007 beatus
748 1968 779 2005 si
802 1964 1010 2017 pugnando
1043 1963 1243 2010 moriaris,
1273 1962 1362 2012 quia

359 2043 551 2078 mortuus,
584 2044 675 2067 mox
705 2025 961 2065 coronaberis.
989 2027 1054 2061 Vae
1078 2031 1202 2060 autem
1227 2021 1312 2068 tibi,
1332 2021 1363 2059 si

358 2092 586 2132 declinando
611 2101 800 2140 pugnam,
820 2085 948 2136 perdis
972 2092 1010 2120 et
1025 2083 1223 2119 victoriam
1250 2082 1361 2119 simul

359 2164 395 2191 ct
420 2154 620 2191 coronam!
648 2147 759 2197 Quod
788 2146 869 2197 ipse
899 2152 1044 2181 avertat
1064 2156 1084 2180 a
1102 2151 1156 2190 te,
1186 2143 1239 2179 fili
1265 2142 1362 2179 dile-

357 2216 538 2258 ctissime,
574 2210 639 2260 qui
674 2209 712 2245 in
745 2206 891 2256 judicio
926 2204 972 2240 (le
1007 2203 1065 2239 his
1103 2202 1195 2239 meis
1230 2201 1364 2239 litteris

361 2275 543 2324 majorem
575 2270 642 2307 tibi
675 2267 790 2305 habet
820 2266 960 2303 inferre
994 2263 1296 2309 damnationem,
1334 2262 1365 2299 si

364 2337 503 2374 nullam
525 2346 572 2370 ex
591 2332 644 2368 eis
666 2331 704 2367 in
731 2338 765 2366 te
787 2324 973 2377 repererit
996 2323 1314 2361 emendationem.

529 2449 639 2460 vsux===
645 2446 756 2457 xxxvxxnx
763 2442 1017 2454 n==u=»xv=x====wv=
1022 2442 1045 2451 ιι
1050 2439 1367 2450 xmwvkuxxxxmmuxnsxxv

607 2534 981 2596 EPISTOLA
1024 2531 1118 2588 II.a

364 2689 407 2709 AD
435 2682 629 2708 FL'LCONEM
662 2677 829 2709 PUERU'M,
857 2675 922 2705 QUI
957 2672 1088 2696 POSTEA
1115 2672 1199 2695 FUIT
1226 2670 1366 2694 LINGo·

602 2738 731 2763 mmsis
765 2732 1063 2759 ›memnmcoxus
1085 2717 1115 2755 ¹¹.

365 2846 531 2877 fulconem
553 2838 737 2872 canonicum
759 2837 930 2879 regularem
943 2858 951 2870 ,
972 2843 1064 2874 quem
1086 2832 1256 2863 avunculus
1280 2831 1368 2861 blau-

410 2896 493 2927 ditiis
515 2901 543 2925 et
565 2891 724 2935 promissis
747 2889 786 2920 ad
808 2887 953 2919 saeculum
976 2891 1166 2923 retraxerat,
1189 2883 1323 2926 graviter
1339 2888 1369 2914 et

411 2950 492 2981 serio
514 2952 618 2978 monet
630 2969 638 2983 ,
654 2951 686 2975 ut
707 2944 810 2986 potius
827 2944 893 2972 Deo
915 2951 1007 2982 quam
1031 2939 1185 2970 avunculo
1201 2937 1326 2969 obediat
1339 2943 1370 2968 et

413 3003 579 3034 adhaereat.

367 3068 480 3101 Bonae
501 3059 638 3097 indolis
663 3055 891 3094 adolescenti
920 3058 1108 3098 Funcoxi,
1133 3053 1247 3089 frater
1270 3055 1370 3088 BER-

421 3218 427 3231 ·
453 3212 545 3240 joan.
561 3217 636 3241 xvx,
659 3205 890 3234 :5:3.-²1z‹›=11.
912 3211 972 3229 vm
988 3222 995 3236 ‚
1016 3201 1051 3229 31
1066 3197 1138 3228 1-—3
1154 3197 1200 3227 Id.
1219 3208 1248 3231 ι,
1274 3194 1390 3226 14.-4
1407 3199 1421 3227 1
1436 3197 1508 3227 Cor.
1522 3197 1656 3230 x111,;'›.
1672 3189 1962 3225 -5P5a1.1.xv11‚
1985 3205 1993 3221 2

374 3271 385 3293 7
402 3266 477 3294 Luc.
495 3272 536 3290 xv
550 3283 557 3297 ‚
577 3262 633 3289 32.

1429 1903 1519 1941 dolo
1551 1905 1719 1942 mulcere
1743 1920 1751 1941 z
1773 1904 1962 1955 patienter
1996 1905 2104 1942 novit
2131 1905 2259 1951 irasci,
2279 1903 2436 1940 humili-

1429 1973 1487 2002 ter
1505 1966 1708 2016 indignari.
1734 1969 1821 2016 Ipsa
1841 1973 1896 2002 est
1920 1978 2005 2015 quae
2033 1965 2232 2002 hominum
2259 1972 2381 2000 mater
2402 1970 2441 1999 et

1429 2026 1685 2075 Angelorum,
1722 2038 1800 2061 non
1841 2026 1964 2062 solum
2001 2039 2085 2075 quae
2122 2025 2161 2061 in
2205 2024 2338 2070 terris,
2374 2021 2440 2060 sed

1429 2086 1542 2123 etiam
1571 2099 1656 2135 quae
1686 2086 1726 2122 in
1754 2086 1851 2122 coelo
1880 2093 1989 2132 sunt,
2010 2085 2236 2135 pacificavit.
2268 2088 2355 2134 Ipsa
2384 2091 2441 2120 est

1430 2159 1515 2196 quae
1539 2150 1660 2183 Deum
1685 2146 1832 2183 homini
1858 2147 2032 2196 placans,
2055 2145 2250 2182 hominem
2271 2136 2352 2181 Deo
2378 2157 2438 2180 re-

1430 2206 1656 2243 conciliavit.
1678 2210 1764 2256 Ipsa
1793 2214 1850 2243 est
1865 2234 1875 2251 ‚
1901 2206 1952 2242 mi
1975 2206 2110 2252 Fulco,
2133 2218 2217 2254 quae
2238 2204 2373 2240 fratres
2392 2203 2440 2238 it-

1431 2267 1507 2313 los,
1540 2280 1627 2303 eum
1660 2265 1799 2316 quibus
1829 2266 1920 2302 olim
1950 2265 2080 2302 dulces
2108 2263 2284 2315 capiebas
2314 2263 2440 2308 cibos,

1431 2326 1602 2364 habitare
1629 2326 1716 2363 facit
1743 2326 1856 2364 unius
1884 2326 2000 2363 moris
2025 2325 2063 2363 in
2092 2323 2244 2362 domo5.
2271 2328 2361 2362 Haec
2383 2332 2441 2360 ta-

1433 2386 1478 2424 lis
1509 2394 1662 2436 tamque
1690 2385 1926 2423 honorabilis
1956 2393 2111 2422 matera
2135 2393 2170 2421 te
2200 2397 2240 2421 se
2268 2384 2443 2433 queritur

1433 2446 1640 2493 offensam,
1661 2447 1878 2496 expostulat
1904 2446 2044 2483 laesam.
2078 2448 2183 2482 Laesa
2210 2453 2336 2481 tamen
2364 2456 2442 2480 non

1433 2516 1619 2558 provocat
1643 2522 1650 2544 :
1680 2505 1746 2543 sed
1766 2514 1894 2557 spreta
1915 2514 1948 2543 te
1970 2513 2142 2553 revocat,
2163 2504 2368 2542 ostendens
2392 2504 2441 2540 ti-

1435 2560 1474 2606 bi
1491 2569 1529 2605 in
1555 2576 1591 2604 te
1612 2567 1659 2604 de
1679 2579 1717 2604 se
1734 2566 1921 2603 veraciter
1941 2565 2125 2616 scriptum
2145 2577 2226 2604 esse
2239 2593 2249 2610 ,
2272 2565 2444 2600 Charitas

1385 2634 1583 2680 Dpatiens
1608 2637 1686 2673 est,
1715 2626 1877 2675 benigna
1904 2624 1993 2662 est5.
2015 2625 2120 2663 Licet
2150 2625 2253 2670 laesa,
2275 2624 2363 2661 licet
2384 2624 2445 2660 of-

1436 2691 1559 2736 fensa,
1589 2688 1620 2725 si
1649 2699 1857 2724 conversus
1888 2686 2002 2723 fueris
2034 2686 2080 2722 ad
2112 2686 2238 2729 illam,
2274 2682 2445 2720 obviabit

1437 2748 1505 2786 tibi
1522 2748 1628 2798 quasi
1647 2755 1767 2784 mater
1782 2745 2046 2783 honorificata.
2062 2747 2315 2794 Contemptus
2327 2742 2444 2780 oblita

1436 2809 1515 2854 sui,
1537 2815 1623 2844 ruet
1642 2807 1679 2842 in
1700 2806 1917 2856 amplexum
1939 2805 2014 2851 tui3
2037 2805 2205 2855 gaudens
2225 2817 2338 2854 quem
2361 2817 2443 2853 per-

1436 2869 1602 2914 diderat,
1630 2880 1711 2904 esse
1742 2866 1970 2912 inventum,
1996 2866 2062 2915 qui
2091 2873 2266 2902 mortuus
2300 2864 2445 2909 fuerat,

1436 2929 1565 2965 vivum
1579 2935 1606 2964 7.

1492 2989 1526 3026 2.
1549 2987 1622 3026 Sed
1639 2989 1675 3024 in
1698 3000 1798 3037 quo,
1819 2986 1967 3036 inquis,
1989 2985 2094 3022 laesi?
2114 2985 2151 3021 in
2173 2998 2250 3034 quo
2271 2991 2444 3021 contem-

1437 3048 1522 3099 psi?
1543 3047 1654 3084 Audi.
1676 3051 1719 3084 In
1742 3061 1788 3084 eo
1802 3076 1811 3093 ‚
1830 3046 1965 3097 procul
1985 3044 2123 3092 dubio,
2145 3044 2250 3095 quod
2277 3052 2312 3081 te
2331 3057 2443 3093 quem

1982 3193 1997 3204 -,

2008 3187 2099 3221 .—--s‘
2118 3193 2132 3222 1
2150 3191 2223 3222 Cor.
2249 3200 2333 3226 xur,
2353 3190 2384 3219 4.
2402 3206 2444 3210 —

1472 3252 1486 3268 «Ἰ
1502 3246 1621 3288 Scripta
1639 3245 1719 3276 circa
1739 3254 1854 3275 anuum
1873 3246 1882 3274 1
1897 3246 1973 3274 120.

419 3309 434 3332 Ι·
447 3314 497 3345 Sic
511 3313 615 3344 titulus
630 3310 660 3341 in
687 3307 900 3348 manuscriptis
918 3317 925 3343 ς
948 3316 983 3335 ex
1001 3315 1062 3345 quo
1077 3307 1157 3344 patet
1175 3302 1340 3332 tuh-onem
1358 3299 1506 3331 Rerum-di
1527 3298 1650 3330 monitis
1666 3308 1728 3328 non
1749 3296 1998 3338 obtemperasse,
2012 3294 2065 3326 sed
2079 3295 2108 3326 iu
2124 3294 2236 3325 sarculo
2251 3292 2443 3324 remansisse.

417 3375 429 3389 ⁰
445 3367 621 3399 Scliolarrm
642 3360 886 3406 piu-1·uiu,iul'ra
908 3370 940 3389 ιι.
966 3361 982 3387 8
1001 3368 1007 3388 ;
1023 3356 1051 3387 id
1075 3361 1119 3387 cst
1144 3354 1381 3385 adolescentem.
