2533 3920
362 106 436 143 667

369 195 459 221 vum
491 195 610 233 genus
652 181 845 231 potentiae.
876 178 1071 229 Numquid
1116 188 1155 216 tu
1186 178 1310 228 major
1338 176 1403 215 es²⁵

366 251 474 293 patre
495 249 627 278 nostro
653 239 845 277 Abraham
860 267 869 284 ‚
892 238 959 288 qui
986 238 1120 278 codem
1146 238 1375 288 prohibente
1392 237 1425 271 A
1445 258 1848 268 ιιι,

367 301 534 351 gladium
570 300 776 350 deposuit,
812 312 889 349 quo
919 298 1080 347 jubente
1112 299 1307 335 levaverat
1338 300 1378 334 ¹?

369 360 562 410 Numquid
597 368 637 396 tu
661 357 782 407 major
806 371 846 395 es
872 358 1048 408 principe
1075 359 1375 408 Apostolorum,

369 421 436 471 qui
455 419 630 470 quaesivit
653 432 674 455 a
693 418 860 455 Domino
879 446 888 463 ‚
908 421 1083 464 Domine,
1103 423 1137 454 si
1148 423 1379 467 percutimus

369 485 409 517 in
431 482 561 529 gladio
594 480 634 515 ²?
659 478 731 516 Sed
760 479 968 515 instructus
994 492 1033 515 es
1064 478 1170 514 omni
1195 477 1379 528 sapientia

368 540 663 590 AEgypti0rum‚
697 538 737 574 id
774 547 830 575 est
857 539 1040 588 sapientia
1076 538 1191 587 hujus
1224 537 1376 584 mundi,

369 613 455 650 quae
494 598 652 636 stultitia
682 606 737 634 est
771 597 873 647 apud
900 601 1024 634 Deum
1058 596 1084 633 3.
1112 598 1232 634 Aliter
1263 597 1378 634 solvis

368 660 620 710 quaestionem
657 658 778 703 Petri,
810 670 923 706 quam
949 657 1012 693 ille
1041 657 1106 706 qui
1124 657 1215 693 dicit
1235 671 1242 693 :
1266 659 1379 692 Mitte

366 722 532 768 gladium
565 724 602 754 in
628 721 745 754 locam
762 731 883 753 siclam.
907 719 1038 753 Omnis
1063 721 1160 752 enlm
1183 721 1249 765 qui
1268 730 1376 752 acce-

362 784 468 827 perit
481 780 666 828 gladium,
681 780 812 825 gladio
824 775 963 824 peribit
978 776 1004 812 ⁵³.
1027 779 1161 813 Nonne
1181 776 1373 825 copiosius

369 840 577 889 triumphat
591 837 756 875 Ecclesia
776 837 821 873 (le
838 836 999 882 Judaeis,
1018 849 1087 886 per
1107 837 1276 885 singulos
1293 836 1373 872 dics

367 901 427 936 vel
459 898 716 942 convincens,
748 897 807 933 vel
834 904 1063 932 convertens
1086 908 1175 941 eos,
1201 909 1316 944 quam
1343 896 1374 931 si

1135 104 1171 139 S.
1202 102 1456 138 BERNARDI
1485 101 1684 137 ABBATIS

1408 176 1441 195 50

1850 260 2280 273 „mxv—xz===a==s==vv==xuusss=
2286 265 2348 275 suu
2355 267 2444 280 xxm-„2¹

1535 389 1917 446 EPISTOLA
1977 384 2357 450 CCCLXVI.¹'

1622 547 1670 568 AD
1700 546 1973 569 HILDEGARDEM
2001 547 2218 572 ABBATISSAM
2237 536 2265 572 *.

1444 664 1603 696 Laudibus
1616 664 1678 694 suis
1697 662 1837 694 modeste
1850 663 1972 705 rejectis
1986 688 1993 702 ‚
2012 670 2046 695 ut
2063 664 2130 706 ipsa
2151 665 2211 696 Dei
2227 666 2355 708 gratiam
2371 669 2401 701 in
2412 682 2443 704 se

1464 724 1609 760 agnoscat
1628 723 1734 748 monet
1748 742 1756 755 ‚
1774 723 1804 748 et
1828 718 1985 749 orationes
2003 730 2061 761 pro
2082 730 2114 750 se
2131 719 2257 763 suisque
2278 724 2419 764 postulat.

1440 841 1595 878 Dilectae
1614 841 1653 877 in
1671 841 1819 878 Christo
1837 841 1922 877 filiae
1938 845 2180 879 Himeoimm
2195 872 2205 890 ,
2223 844 2338 882 frater
2350 849 2442 884 Bmz-
2478 848 2479 869 ³

1494 914 1639 937 imanes
1657 901 1788 937 Clarae-
1801 901 1986 938 Vallensis
2000 911 2157 940 vocatus
2170 902 2301 952 abbas,
2312 906 2341 942 si
2355 908 2442 956 quid

366 960 480 995 semel
508 967 545 994 et
567 958 676 993 simul
705 965 946 993 consumeret
978 969 1044 992 eos
1069 956 1108 992 in
1135 969 1202 992 ore
1231 955 1417 1005 gladii?ss
1490 969 1618 1010 potest
1637 960 1761 997 oratio
1782 961 2010 1010 peccatoris.

363 1017 558 1068 Numquid
570 1018 758 1053 incassum
777 1016 984 1053 constituta
1000 1025 1057 1053 est
1072 1016 1135 1052 illa
1150 1015 1376 1052 universalis

360 1079 483 1116 oratio
511 1077 685 1114 Ecclesiae
702 1105 712 1122 ,
743 1090 827 1126 quae
855 1077 1017 1113 offertur
1037 1090 1108 1126 pro
1132 1075 1287 1126 perfidis
1303 1079 1373 1113 Ju-

359 1140 449 1176 daeis
467 1153 487 1175 a
511 1138 599 1175 solis
623 1147 712 1174 ortu
732 1151 852 1188 usque
877 1137 924 1174 ad
946 1150 1136 1182 occasum,
1159 1145 1200 1173 ut
1214 1140 1317 1173 Deus
1337 1144 1374 1173 et

356 1199 545 1236 Dominus
565 1198 710 1235 auferat
732 1198 904 1235 velamen
931 1197 978 1234 de
1003 1196 1184 1233 cordibus
1205 1209 1340 1233 eorum
1354 1224 1364 1242 ‚

355 1269 399 1297 ut
415 1259 462 1296 ad
478 1260 607 1296 lumen
628 1259 798 1295 veritatis
814 1272 834 1295 a
851 1258 927 1295 suis
946 1257 1114 1295 tenebris
1131 1265 1315 1294 eruantur
1328 1258 1367 1293 ³?

356 1321 435 1357 Nisi
467 1321 569 1357 enim
600 1332 665 1356 eos
679 1347 688 1364 ‚
723 1319 789 1368 qui
808 1318 997 1356 increduli
1019 1327 1132 1365 sunt,
1154 1317 1368 1355 credituros

359 1388 552 1431 speraret,
571 1379 809 1429 superfluum
830 1378 1026 1415 videretur
1040 1387 1077 1415 et
1095 1391 1237 1415 vanum
1259 1390 1368 1414 orare

361 1454 433 1491 pro
460 1440 525 1477 eis.
555 1439 628 1477 Sed
654 1439 872 1476 considerat
908 1440 1019 1476 oculo
1055 1439 1204 1489 pietatis
1218 1468 1227 1486 ‚
1263 1437 1368 1488 quod

357 1501 546 1539 Dominus
577 1499 692 1537 habet
727 1509 943 1551 respectum
973 1500 1102 1549 gratiae
1143 1499 1246 1549 apud
1281 1512 1369 1536 eum

359 1562 424 1611 qui
446 1560 571 1597 reddit
596 1560 699 1597 bona
725 1574 797 1611 pro
827 1561 953 1607 malis,
975 1569 1012 1598 et
1032 1560 1274 1597 dilectionem
1297 1573 1370 1610 pro

362 1623 465 1660 odio.
484 1622 560 1660 Ubi
575 1630 632 1659 est
647 1621 844 1671 ergoillud
864 1622 969 1672 quod
990 1621 1133 1658 dictum
1151 1630 1220 1668 est,
1234 1621 1372 1660 Videas

361 1696 408 1719 ne
423 1685 574 1718 occidas
588 1696 650 1718 eos
664 1681 677 1703 ⁵
690 1683 705 1717 Ξ)
719 1681 785 1718 ubi
801 1691 870 1729 est,
888 1684 978 1718 Cam
992 1680 1189 1731 plenitudo
1201 1686 1370 1730 gentium

364 1745 578 1788 intraverit,
610 1751 695 1778 tunc
720 1747 839 1778 onzlu's
865 1745 989 1778 Israel
1010 1744 1128 1778 salvus
1142 1743 1217 1789 fiet
1240 1740 1279 1778 ⁶?
1302 1741 1366 1778 ubi
1389 1745 1416 1782 C
1434 1742 1642 1780 humilibus
1665 1749 1793 1778 autem
1815 1741 1878 1778 dat
1896 1742 2056 1791 gratiam
2081 1750 2123 1779 ¹⁰.
2138 1742 2252 1791 Quod
2275 1743 2314 1780 in
2335 1743 2442 1782 nobis
2487 1746 2492 1780 ἶ

363 1811 440 1849 est,
458 1803 668 1850 JEclficaus
683 1803 889 1838 Jerusalem
907 1805 1102 1847 Dominus,
1123 1804 1371 1849 dispersiones

363 1866 516 1899 Israelis
549 1862 789 1912 congregabit
806 1864 843 1899 7?
864 1867 971 1900 Tune
1000 1876 1039 1899 es
1071 1863 1133 1899 ille
1169 1863 1234 1912 qui
1259 1875 1369 1898 men-

362 1923 473 1960 daces
510 1923 621 1960 facies
659 1923 864 1973 Prophetas
879 1953 888 1970 ,
934 1932 972 1960 et
1001 1922 1202 1960 evacuabis
1236 1936 1369 1959 omnes

362 1984 560 2020 thesauros
579 1983 729 2033 pietatis
746 1992 783 2020 et
809 1984 1077 2020 misericordiae
1093 1988 1183 2021 Jesu
1205 1983 1369 2019 Christi?

359 2047 439 2081 Tua
457 2043 631 2080 doctrina
652 2056 730 2080 non
753 2051 808 2080 est
835 2052 896 2080 tua
910 2072 919 2089 ‚
940 2043 1005 2080 sed
1025 2042 1108 2093 ejus
1128 2043 1194 2093 qui
1215 2042 1315 2079 misit
1334 2050 1368 2078 te

358 2103 488 2153 patris.
518 2103 590 2141 Sed
620 2102 734 2139 credo
755 2103 892 2139 suflicit
920 2102 1010 2150 tibi,
1039 2104 1069 2139 si
1095 2103 1144 2140 sis
1171 2103 1365 2139 sicutma—

358 2164 474 2212 gister
495 2172 593 2200 tuus.
619 2163 688 2199 Ille
706 2163 807 2199 enim
834 2171 915 2199 erat
938 2163 1128 2200 homicida
1148 2162 1196 2200 ab
1222 2162 1331 2199 initio
1353 2176 1360 2197 ε

357 2223 420 2259 ille
440 2223 618 2268 mendax,
641 2231 676 2259 ct
695 2231 804 2273 pater
824 2223 1013 2260 mendacii
1030 2222 1058 2261 8.
1073 2227 1104 2262 O
1122 2232 1365 2261 monstruosa

358 2283 515 2320 scientia
532 2286 539 2319 I
570 2297 593 2320 o
613 2284 797 2333 sapientia
817 2284 1032 2331 infernalis,
1055 2284 1246 2321 contraria
1265 2287 1364 2321 Pro·

358 2343 504 2392 phetis‚
525 2353 562 2381 et
581 2344 775 2394 Apostolis
800 2344 968 2391 inimica,
991 2344 1189 2382 subversio
1214 2344 1365 2395 pietatis

358 2412 396 2439 ct
417 2405 568 2453 gratiae!
590 2418 613 2440 0
629 2404 933 2441 immundissima
953 2405 1124 2442 haeresis!
1143 2418 1166 2442 o
1183 2405 1365 2443 meretrix

356 2464 558 2513 sacrilega,
580 2478 665 2514 quae
685 2465 935 2515 impraegnata
962 2465 1010 2502 (le
1034 2466 1171 2516 spiritu
1194 2465 1365 2502 falsitatis

1493 1079 1607 1130 Quod
1627 1079 1673 1117 de
1695 1087 1826 1116 nostra
1847 1080 2053 1130 exiguitate
2074 1081 2188 1132 longe
2208 1082 2318 1120 aliter
2333 1097 2441 1134 quam

1440 1151 1572 1180 nostra
1599 1154 1679 1178 sese
1701 1140 1933 1177 conscientia
1950 1141 2106 1189 habeat,
2132 1143 2287 1192 quidam
2308 1147 2442 1185 sentire

1433 1203 1637 1248 videntur;
1685 1213 1764 1238 non
1802 1201 1942 1238 nostris
1985 1202 2151 1249 meritis,
2180 1203 2246 1240 sed
2275 1206 2441 1245 stultitiae

1433 1263 1635 1301 hominum
1657 1260 1922 1310 deputandum
1944 1270 2013 1299 est.
2030 1262 2090 1299 Ad
2111 1262 2353 1301 dulcedinem
2374 1279 2440 1304 au—

1435 1332 1509 1361 tem
1547 1322 1619 1372 piae
1651 1320 1844 1358 charitatis
1883 1329 1955 1358 tuae
1997 1321 2163 1359 scribere
2206 1327 2436 1374 properavi;

1436 1382 1610 1434 quamvis
1651 1380 1691 1416 id
1732 1379 1888 1417 brevius
1930 1381 2090 1419 omnino
2127 1396 2243 1432 quam
2283 1385 2440 1434 vellem,

1437 1442 1680 1493 negotiorum
1714 1440 1920 1478 multitudo
1949 1443 2166 1492 compellat.
2198 1445 2443 1494 Congratula-

1438 1518 1525 1541 mur
1545 1502 1674 1553 gratiae
1696 1502 1767 1539 Dei
1791 1515 1876 1551 quae
1904 1502 1943 1539 in
1971 1511 2007 1540 te
2025 1512 2100 1551 est,
2121 1512 2159 1540 et
2184 1512 2227 1541 ut
2251 1518 2334 1542 eam
2363 1514 2444 1544 tan-

1438 1577 1551 1614 quam
1571 1563 1729 1613 gratiam
1757 1561 1918 1609 habeas,
1940 1571 1978 1599 et
1999 1571 2081 1600 toto
2104 1563 2139 1600 ei
2164 1563 2386 1603 humilitatis
2407 1575 2444 1604 et
2483 1579 2486 1582 ⁴

1439 1623 1657 1661 devotionis
1687 1623 1828 1660 affectu
1858 1623 2010 1661 studeas
2030 1624 2286 1675 respondere,
2313 1625 2443 1664 admo-
2484 1643 2486 1648 ·

1438 1696 1573 1721 nemus
1604 1697 1611 1719 :
1646 1682 1767 1719 sciens
1797 1682 1903 1732 quod
1937 1686 2040 1720 Deus
2069 1682 2244 1734 superbis
2282 1685 2441 1733 resistit,

1437 1812 1506 1849 est,
1526 1803 1726 1839 hortamur
1751 1810 1789 1837 et
1809 1800 2067 1840 obsecramus.
2089 1805 2277 1840 Caeterum
2298 1803 2364 1840 ubi
2389 1804 2442 1842 in-

1437 1863 1557 1900 terior
1585 1862 1750 1900 eruditio
1778 1870 1853 1909 cst,
1878 1871 1916 1899 et
1937 1863 2069 1900 unctio
2087 1863 2230 1900 docens
2250 1863 2297 1900 de
2317 1865 2441 1902 omni-

1435 1922 1526 1970 bus,
1557 1922 1650 1972 quid
1682 1935 1752 1958 nos
1778 1930 1844 1958 aut
1864 1921 2003 1960 docere
2025 1936 2245 1973 possumus,
2273 1933 2340 1961 aut
2361 1939 2441 1963 mo-

1435 1985 1555 2021 nere?
1576 1982 1721 2019 Diceris
1746 1982 1849 2019 enim
1878 1983 2044 2020 coelestia
2068 1992 2212 2022 secreta
2232 1985 2378 2032 rimari,
2406 1995 2442 2024 et

1435 2058 1479 2082 ea
1498 2059 1583 2095 quae
1600 2058 1714 2095 supra
1730 2044 1904 2081 homines
1917 2053 2004 2081 suut
2017 2074 2027 2092 ‚
2050 2046 2193 2096 Spiritu
2211 2054 2343 2083 sancto
2359 2046 2439 2083 illu-

1431 2114 1574 2143 strante
1591 2105 1825 2155 dignoscere.
1843 2105 1956 2143 Unde
1971 2119 2149 2156 rogamus
2162 2106 2279 2156 magis
2299 2115 2336 2143 et
2354 2120 2437 2158 sup-

1431 2167 1583 2217 pliciter
1599 2165 1851 2216 postulamu5‚
1869 2173 1912 2202 ut
1927 2166 2049 2202 nostri
2064 2166 2289 2203 memoriam
2302 2165 2453 2216 habeas.
2488 2168 2489 2203 j

1431 2226 1534 2278 apud
1566 2230 1713 2272 Deum,
1750 2233 1788 2262 et
1818 2239 1954 2262 eorum
1983 2226 2127 2276 pariter
2161 2226 2229 2276 qui
2259 2225 2370 2264 nobis
2399 2226 2437 2264 in

1432 2286 1618 2337 spirituali
1641 2285 1820 2322 societate
1845 2284 1971 2334 juncti
2003 2294 2104 2323 sunt.
2132 2290 2226 2324 Nam
2246 2300 2332 2323 cum
2359 2287 2437 2337 spi-

1432 2348 1526 2385 ritus
1548 2350 1629 2383 Deo
1655 2344 1917 2395 conjungitur,
1941 2345 2171 2384 confidimus
2197 2346 2303 2397 quod
2328 2346 2437 2384 nobis

1432 2408 1595 2444 multum
1618 2405 1801 2455 prodesse
1819 2406 1944 2442 valeas
1973 2414 2010 2442 et
2035 2405 2252 2443 subvenire.
2274 2407 2434 2444 Multum

1431 2468 1531 2504 enim
1554 2466 1655 2503 valet
1678 2465 1898 2515 deprecatio
1910 2465 2003 2515 justi
2024 2466 2175 2503 assidua
2203 2474 2244 2503 ¹¹.
2266 2471 2343 2505 Nos
2365 2480 2435 2517 pro

353 2524 529 2574 concepit
563 2524 756 2571 dolorem,
790 2534 827 2562 et
865 2525 1015 2576 peperit
1050 2525 1290 2575 iniquitatem
1320 2527 1357 2560 9!
1377 2534 1411 2567 D
1432 2536 1466 2563 te
1495 2525 1644 2563 assidue
1680 2539 1858 2571 oramus,
1889 2534 1931 2562 ut
1961 2527 2190 2563 conforteris
2221 2526 2269 2563 ad
2307 2526 2429 2572 bona,

350 2584 475 2631 Libet,
491 2584 556 2621 sed
575 2585 752 2621 nonlicet
767 2586 867 2622 ultra
882 2585 1075 2635 progredi.
1092 2585 1150 2623 Ad
1166 2585 1358 2632 ultimum,

354 2653 393 2679 ut
416 2645 545 2680 omnia
572 2658 656 2694 quae
678 2646 802 2681 sentio
824 2659 939 2695 super
958 2646 1014 2682 his
1028 2674 1037 2691 ‚
1060 2645 1227 2682 breviter
1253 2659 1359 2681 com-

351 2704 608 2753 prehendam;
634 2705 751 2741 homo
778 2715 833 2742 est
865 2719 1024 2755 magnus
1051 2706 1090 2742 in
1115 2705 1233 2742 oculis
1252 2706 1356 2751 suis,

351 2764 488 2813 plenus
516 2764 653 2813 spiritu
678 2765 918 2815 arrogantiae.
933 2765 1059 2804 Verba
1079 2774 1117 2802 et
1140 2779 1258 2815 opera
1277 2765 1359 2815 ejus

351 2823 619 2873 praetendunt,
649 2825 753 2873 quod
787 2834 949 2862 conatur
974 2825 1045 2862 sibi
1074 2826 1194 2862 facere
1218 2840 1359 2862 nomen

344 2883 454 2932 juxta
475 2896 614 2919 nomen
638 2898 860 2933 magnorum
878 2886 943 2935 qui
971 2886 1110 2922 suntin
1137 2887 1245 2922 terris
1269 2902 1275 2923 :
1295 2887 1360 2923 scd

350 2957 427 2979 non
455 2943 569 2980 habet
591 2953 766 2994 sumptus
785 2945 830 2981 ad
850 2946 1138 2995 perficiendum.
1163 2948 1264 2985 Vale.

1426 2585 1625 2624 instruaris
1639 2584 1686 2621 ad
1700 2585 1898 2632 interiora,
1913 2585 2087 2636 dirigaris
2103 2586 2150 2623 ad
2163 2600 2431 2637 permansura:

1428 2648 1479 2684 ita
1500 2654 1541 2683 ut
1561 2659 1630 2682 nec
1649 2645 1687 2681 hi
1708 2645 1774 2695 qui
1794 2658 1900 2696 spem
1921 2659 2026 2684 suam
2049 2647 2088 2683 in
2102 2651 2184 2684 Deo
2202 2656 2428 2698 posuerunt,

1425 2705 1664 2756 desperando
1684 2719 1756 2756 pro
1788 2714 1823 2742 te
1852 2706 2091 2753 claudicent3
2123 2707 2190 2744 sed
2215 2716 2257 2745 ut
2284 2708 2323 2744 in
2347 2721 2434 2759 pro-

1426 2766 1526 2801 fectu
1545 2764 1844 2810 benedictionis,
1867 2779 1980 2815 quam
2006 2779 2027 2803 a
2047 2770 2129 2803 Deo
2150 2767 2339 2817 accepisse
2368 2781 2433 2804 co-

1426 2825 1632 2875 gnosceris,
1650 2824 1747 2861 hene
1768 2826 1993 2872 confortati,
2016 2826 2055 2862 in
2085 2827 2220 2864 melius
2241 2835 2278 2864 et
2299 2827 2432 2864 melius

1428 2885 1643 2935 proficiant.

399 3081 407 3095 ¹
425 3077 506 3106 Gen.
526 3086 611 3107 xxm.
630 3095 674 3097 -—
694 3080 706 3095 2
722 3079 795 3107 Luc.
814 3089 887 3107 xxm
901 3101 908 3115 ,
929 3080 982 3109 49.
999 3096 1043 3100 —
1061 3077 1105 3109 31
1127 3083 1200 3113 Cor.
1222 3094 1263 3113 111
1278 3107 1285 3121 ‚
1317 3087 1369 3116 19.
1387 3104 1431 3108 —
1456 3086 1470 3112 Αἰ
1492 3086 1609 3118 Manli.
1626 3099 1707 3117 xxvi
1722 3112 1730 3124 ‚
1759 3090 1813 3119 52.
1831 3107 1876 3110 —
1893 3087 1906 3110 ⁵
1929 3088 2010 3119 Psal.
2037 3099 2121 3119 tvm
2136 3113 2144 3127 ‚
2169 3092 2223 3121 12.
2241 3107 2284 3112 ——
2300 3087 2315 3111 ⁶
2334 3092 2425 3121 Rom.

348 3140 379 3158 xi
395 3153 402 3163 ,
419 3132 474 3165 ¹25,
505 3132 558 3159 20.
582 3147 623 3150 —-
646 3136 659 3159 7
676 3130 756 3160 Psal.
774 3141 891 3168 CXLVI,
912 3134 942 3161 2.
960 3150 1003 3153 —
1023 3131 1036 3154 8
1053 3135 1145 3165 Joan.
1162 3146 1221 3165 vm
1235 3161 1242 3174 ‚
1274 3138 1327 3168 lili.
1352 3157 1396 3161 ——
1415 3146 1430 3169 9
1450 3141 1528 3171 Psal.
1548 3152 1593 3170 vu
1608 3165 1615 3177 ,
1640 3143 1691 3171 15.
1708 3160 1752 3164 ---
1770 3147 1800 3161 ¹⁰
1816 3141 1927 3172 Jacohi
1944 3153 1989 3180 ιν,
2011 3146 2041 3173 fi.
2065 3161 2108 3165 -
2137 3149 2162 3164 ¹¹
2194 3142 2242 3174 Id:
2266 3155 2304 3179 ν,
2330 3147 2381 3175 16.

397 3192 408 3204 ³
431 3192 502 3219 llaec
529 3194 628 3218 oratu)
646 3190 812 3229 ‹puotauuis
832 3189 970 3222 funditur
988 3192 1061 3223 Ιίϊίιι
1087 3201 1170 3225 sexta
1187 3196 1402 3229 Hebdomada·
1416 3206 1529 3231 saneta·
1544 3225 1550 3235 ,
1572 3201 1698 3231 lotidem
1724 3201 1824 3231 xerhis
1842 3212 1909 3243 qua·
1924 3201 1973 3232 hic
1990 3201 2120 3233 adhibet
2142 3202 2330 3234 Rerum-dus.

395 3234 410 3256 ¹³
432 3242 512 3272 Alias
533 3242 660 3283 epistola
682 3246 745 3272 :3813

774 3254 779 3273 ;
809 3255 876 3284 qua*
899 3255 970 3274 xero
995 3251 1083 3275 autea
1106 3251 1169 3277 :zuo
1195 3256 1257 3279 erat
1273 3275 1279 3285 ,
1302 3262 1382 3281 muu-
1407 3255 1480 3283 ΗΟ.
1505 3253 1623 3295 Scripta
1643 3266 1725 3284 anuo
1740 3254 1853 3286 Christi
1879 3257 1963 3285 112ss
