2517 3920
330 183 423 221 1471

326 321 522 372 temporis.

378 383 414 419 5.
434 384 543 419 Nunc
564 392 656 416 vero
682 379 810 417 sonuit
825 378 864 416 in
890 379 1041 416 civitate
1066 378 1172 428 quod
1193 378 1333 414 factum

325 450 427 488 erat,
460 449 498 478 et
524 448 716 478 commota
741 449 798 477 est
824 440 1003 478 universa
1022 439 1070 476 ad
1095 439 1334 489 inopinatam

324 502 549 539 novitatem.
574 501 788 552 Stupebant
806 510 933 539 autem
958 513 1112 546 omnes,
1143 507 1180 536 et
1210 498 1335 535 virtu-

325 572 402 600 tem
431 561 689 609 mirabantur,
718 575 841 612 eoque
875 562 1059 612 amplius,
1099 573 1177 610 quo
1207 559 1335 595 minus

323 623 500 659 usitatam
521 622 560 659 in
576 630 689 672 gente
711 622 800 659 fera.
822 621 979 660 Videres
1001 630 1090 658 tune
1106 619 1267 657 revelari
1286 631 1333 655 ex

327 684 537 720 multorum
564 681 745 719 cordibus
765 681 1026 732 cogitationes.
1053 680 1231 730 Plerique
1263 679 1337 716 hu-

328 757 443 781 mano
471 743 611 780 affectu
641 751 846 793 pensantes
881 743 1043 789 factum,
1083 742 1264 792 plangere
1300 747 1338 776 et

329 804 479 850 dolere,
513 802 618 853 quod
648 803 809 840 dilectus
841 802 1042 848 omnibus,
1077 801 1337 850 delicatusque

327 864 570 909 adolescens,
613 862 719 900 duris
760 876 799 900 se
832 862 928 899 adeo
964 861 1162 899 laboribus
1193 860 1339 898 manci-

326 932 465 974 passet.
488 923 562 960 Alii
580 922 762 972 suspicati
776 923 970 959 levitatem
991 930 1153 972 propter
1169 929 1338 968 aetatem,

327 983 500 1020 diffidere
516 982 562 1019 de
576 983 858 1032 perseverantia
871 1011 881 1030 ,
903 983 1037 1020 timere
1054 982 1101 1019 de
1121 995 1222 1019 casu.
1238 985 1340 1019 Non-

1099 182 1134 218 S.
1165 181 1417 217 BERNARDI
1448 179 1650 215 ABBATIS

325 262 465 299 cui-itas
493 259 562 307 sit,
589 272 704 310 quam
733 258 936 296 temeritas.
968 258 1041 297 Sed
1069 258 1149 296 haec
1175 257 1331 295 alterius
1342 255 1374 273 ⁶⁰

2313 179 2411 217 1472

1763 319 1942 360 CAPUT
1973 321 2049 360 ΙΙΙ.

1567 436 1743 468 Ordinibus
1756 436 1896 468 initiatus
1910 437 2050 480 episcopi
2064 436 2145 469 vices
2158 436 2245 479 gerit.

1455 559 1490 595 6.
1525 558 1624 596 Hinc
1652 558 1732 607 jam
1766 557 1879 594 levita
1911 557 2068 595 Domini
2097 556 2252 608 publice
2295 571 2335 595 se
2368 558 2414 595 ad

1402 631 1517 655 omne
1543 631 1641 668 opus
1665 618 1816 669 pietatis
1839 618 2004 654 accinxit
2029 633 2038 655 t
2071 619 2157 668 plus
2174 631 2268 655 vero
2286 618 2334 655 ad
2354 632 2416 656 eas

1403 692 1485 726 res,
1513 679 1554 715 in
1578 678 1718 729 quibus
1744 679 1871 728 aliqua
1903 677 2044 728 injuria
2064 678 2274 716 videretur.
2295 679 2416 716 Deni-

1404 753 1478 790 que
1501 753 1593 776 cura
1613 747 1695 776 erat
1715 739 1750 776 ei
1778 739 1945 776 maxima
1964 739 2002 776 in
2029 738 2259 791 sepeliendis
2279 738 2416 776 defun-

1406 801 1475 837 ctis
1494 799 1751 851 pauperibus,
1784 800 1890 850 quod
1916 800 1988 837 hoc
2009 799 2080 837 sibi
2102 814 2180 837 non
2210 799 2335 837 minus
2353 800 2418 836 hu-

1406 860 1602 897 militatem
1644 868 1824 910 saperet,
1868 873 1983 909 quam
2018 860 2306 897 humanitatem.
2341 862 2419 897 Nec

1407 919 1530 957 defuit
1561 932 1664 956 novo
1689 928 1823 957 nostro
1843 919 1973 957 Tobiae
2005 921 2178 958 rediviva
2208 935 2230 958 a
2257 921 2419 958 muliere

1407 981 1588 1028 tentatio,
1628 981 1708 1017 imo
1729 994 1750 1018 a
1771 989 1951 1031 serpente
1979 995 2050 1032 per
2080 982 2294 1020 mulierem.
2323 984 2419 1021 Ger-

327 1043 423 1080 nulli
452 1043 704 1079 temeritatem
736 1052 953 1090 causantes,
985 1043 1176 1093 indignari
1196 1050 1234 1080 et
1264 1042 1339 1079 fre·
1359 1041 1388 1076 Β
1408 1054 1521 1078 mana
1536 1039 1620 1091 ejus
1640 1041 1905 1091 indignitatem
1927 1041 1990 1093 (ut
2007 1041 2078 1079 sibi
2091 1041 2320 1094 videbatur)
2339 1042 2420 1079 offi-

326 1116 430 1139 mere
460 1103 499 1140 in
527 1116 633 1149 eum,
656 1102 762 1152 quod
787 1116 904 1153 supra
924 1111 1074 1140 aetatem
1103 1112 1141 1140 et
1163 1103 1262 1139 vires
1283 1102 1340 1138 in-

325 1164 498 1200 consulte
521 1177 601 1200 rem
622 1163 782 1200 arduam
806 1164 937 1200 fuisset
956 1176 1166 1214 aggressus.
1195 1167 1338 1201 Verum

324 1224 388 1261 ille
411 1225 492 1262 sine
524 1225 685 1262 consilio
714 1225 791 1275 egit
824 1224 934 1262 nihil.
963 1229 1056 1263 Nam
1079 1224 1214 1262 habuit
1243 1237 1339 1261 con-

325 1286 449 1323 silium
466 1300 487 1323 a
508 1286 719 1337 Propheta,
743 1285 810 1335 qui
831 1286 882 1322 ait
903 1300 911 1322 :
933 1289 1081 1322 Bonum
1098 1295 1150 1322 est
1170 1286 1336 1331 homini,

324 1352 358 1383 si
379 1352 586 1396 portaverit
606 1348 741 1396 jugum
762 1346 810 1383 ab
830 1349 1109 1390 adolescentia3
1132 1355 1169 1383 et
1196 1345 1303 1383 addit
1329 1361 1336 1382 :

325 1406 477 1443 Sedebit
494 1410 686 1443 solitarius
699 1436 708 1452 ,
733 1416 768 1443 et
788 1407 944 1454 tacebit,
965 1410 1054 1457 quia
1072 1411 1205 1443 levavit
1217 1420 1256 1442 se
1279 1420 1340 1442 scc-

317 1482 394 1517 pra
423 1483 462 1503 se
493 1474 517 1505 ¹.
546 1467 710 1506 Sedebat
735 1467 806 1504 sibi
829 1467 1062 1518 juvenculus
1092 1482 1201 1505 secus
1224 1468 1341 1518 pedes

326 1528 455 1565 Imarii
473 1528 485 1579 (
502 1528 575 1565 hoc
598 1529 699 1565 enim
722 1541 864 1565 nomen
883 1529 967 1565 viro
985 1528 1012 1580 ),
1032 1537 1070 1566 et
1090 1538 1155 1566 aut
1172 1527 1342 1565 discebat

325 1589 600 1635 obedientiam,
626 1598 691 1627 aut
710 1603 750 1626 se
767 1589 943 1627 didicisse
962 1589 1138 1628 docebat.
1158 1590 1340 1637 Sedebat‚

327 1658 371 1687 ut
389 1651 559 1700 quietus,
584 1659 625 1687 ut
648 1660 889 1698 mansuetus,
911 1660 953 1688 ut
972 1651 1139 1688 humilis.
1163 1650 1340 1696 Sedebat,

328 1720 364 1748 et
381 1710 545 1757 tacebat,
563 1712 685 1749 sciens
699 1712 909 1749 secundum
926 1713 1154 1763 prophetam
1167 1741 1176 1758 ,
1196 1713 1343 1749 cultum

324 1771 483 1821 justitiae
516 1785 596 1809 esse
623 1773 816 1810 silentium
839 1780 851 1794 ²
881 1787 889 1810 z
917 1773 1073 1810 sedebat
1093 1781 1135 1809 ut
1164 1786 1345 1823 perseve-

1405 1102 1453 1139 cii
1474 1101 1686 1139 exhorrens
1699 1131 1709 1149 ,
1725 1102 1826 1150 Quid
1849 1102 1940 1139 facis
1953 1131 1964 1149 ,
1980 1102 2125 1153 inquit,
2144 1116 2168 1139 0
2181 1102 2343 1140 insane?
2363 1102 2420 1139 di-

1406 1163 1513 1200 mitte
1543 1171 1719 1200 mortuos
1751 1163 1914 1214 sepelire
1937 1172 2112 1201 mortuos
2146 1177 2248 1201 suos.
2274 1167 2323 1201 Et
2350 1163 2422 1201 hoc

1406 1224 1461 1261 illi
1481 1224 1654 1274 quotidie
1673 1223 1914 1275 exprobrans
1935 1223 2144 1275 ingerebat.
2166 1224 2241 1263 Sed
2260 1236 2422 1275 respon-

1407 1283 1571 1322 debatur
1595 1285 1747 1322 mulieri
1775 1285 1900 1323 stultae
1919 1284 2032 1335 juxta
2054 1285 2254 1323 stultitiam
2281 1298 2390 1322 suam
2411 1299 2420 1322 ε

1407 1347 1568 1392 Misera,
1591 1355 1631 1383 tu
1655 1347 1797 1397 eloquii
1819 1347 1912 1384 casti
1939 1361 2076 1385 vocem
2097 1356 2226 1395 tenes,
2256 1346 2323 1385 sed
2348 1345 2424 1383 vir-

1409 1416 1530 1445 tutem
1559 1409 1724 1458 ignoras.
1753 1412 1811 1446 Ita
1837 1409 2089 1446 ministerium
2104 1437 2113 1455 ‚
2134 1408 2181 1446 ad
2201 1407 2308 1459 quod
2328 1420 2423 1445 coa—

1410 1478 1492 1507 ctus
1513 1478 1742 1515 accesserat,
1771 1469 1935 1507 devotus
1963 1469 2104 1516 tenuit,
2127 1469 2340 1506 indefessus
2360 1481 2424 1505 ex-

1410 1530 1544 1568 ercuit.
1572 1530 1686 1568 Unde
1715 1539 1753 1568 et
1780 1538 2015 1568 censuerunt
2042 1530 2156 1567 etiam
2189 1529 2423 1567 sacerdotale

1410 1592 1579 1629 officium
1615 1592 1895 1642 imponendum
1924 1591 1992 1628 illi.
2026 1594 2074 1629 Et
2102 1591 2243 1628 factum
2271 1599 2328 1627 est
2357 1590 2421 1627 ita,

1410 1655 1502 1689 Erat
1529 1661 1679 1697 autem,
1708 1665 1795 1688 cum
1817 1651 1997 1689 sacerdos
2022 1651 2222 1688 ordinatus
2253 1658 2331 1695 est,
2357 1663 2424 1686 an-

1411 1726 1482 1749 nos
1511 1720 1622 1749 natus
1650 1712 1759 1761 quasi
1786 1711 1921 1761 viginti
1954 1710 2138 1761 quinque.
2166 1715 2211 1748 In
2233 1724 2310 1761 qua
2340 1710 2424 1760 ejus

1412 1781 1577 1822 utraque
1600 1772 1868 1818 ordinatione,
1892 1772 1921 1808 si
1950 1771 2043 1821 quid
2062 1780 2201 1822 praeter
2221 1774 2422 1809 Canonum

328 1847 438 1880 rans,
462 1833 609 1870 tacebat
630 1842 672 1870 ut
693 1833 953 1880 verecundus,
976 1834 1049 1871 nisi
1067 1834 1170 1883 quod
1188 1847 1257 1870 suo
1276 1833 1342 1869 illo
1366 1831 1392 1866 C
1411 1833 1572 1868 formam
1609 1832 1840 1882 processisse
1877 1831 2042 1877 videtur,
2075 1839 2118 1868 ut
2153 1843 2243 1868 vere
2271 1831 2426 1868 videtur

329 1894 480 1931 silentio
500 1894 539 1930 in
560 1894 630 1931 Dei
657 1894 814 1930 auribus
841 1894 1071 1944 loquebatur
1096 1908 1182 1931 cum
1213 1902 1343 1931 sancto

330 1954 455 1991 David
484 1967 491 1989 :
515 1956 826 1990 Adulescentulus
845 1969 926 1991 sum
949 1969 1015 2003 ego
1036 1965 1073 1990 et
1098 1964 1341 2003 contemptu&

320 2015 612 2061 jnsts'ficatimzes
632 2024 714 2050 tuas
735 2029 808 2050 mm
829 2029 910 2051 sum
930 2014 1063 2050 oblitus
1081 2014 1107 2051 3.
1126 2018 1172 2051 Et
1187 2014 1344 2051 sedebat

332 2075 486 2112 interim
508 2075 724 2121 solitarius,
748 2076 837 2125 quia
871 2084 908 2112 et
931 2076 1011 2112 sine
1044 2076 1166 2122 socio,
1194 2084 1231 2112 et
1263 2076 1344 2112 sine

332 2137 521 2186 exemplo.
557 2137 650 2184 Quis
685 2136 785 2173 enim
836 2145 923 2173 ante
955 2137 1178 2174 Malachiam
1212 2137 1344 2174 distri—

331 2197 540 2233 ctissimum
560 2196 632 2233 viri
656 2196 898 2246 propositum
928 2197 988 2234 vel
1009 2197 1194 2247 cogitaret
1221 2205 1346 2233 atten—

333 2258 441 2293 tare?
461 2261 606 2307 Nempe
624 2256 797 2294 mirabile
820 2257 1000 2294 omnibus
1020 2256 1248 2303 habebatur,
1266 2270 1345 2294 non

330 2316 525 2354 imitabile.
553 2317 756 2355 Malachias
775 2317 960 2354 imitabile
976 2318 1183 2368 persuasit,
1209 2317 1348 2354 seden-

332 2377 381 2414 do
403 2378 607 2424 duntaxat,
626 2387 663 2414 et
691 2378 865 2415 tacendo.
890 2382 995 2416 Intra
1014 2391 1159 2428 paucos
1179 2378 1259 2415 dies
1279 2378 1348 2415 ha-

330 2437 415 2475 buit
438 2438 649 2475 imitatores
672 2452 747 2475 non
776 2452 942 2489 paucos,
964 2448 1196 2489 provocatos
1224 2452 1349 2476 exem-

330 2499 397 2549 plo
415 2500 487 2537 sui.
505 2504 562 2537 Ita
581 2500 647 2550 qui
668 2500 794 2550 primo
815 2500 1006 2537 solitarius
1024 2500 1133 2547 sedit,
1155 2509 1193 2538 et
1212 2501 1347 2537 unicus

332 2560 450 2610 patris
477 2560 559 2607 sui,
589 2559 724 2610 fitjam
746 2574 846 2597 unus
877 2574 923 2598 ex
955 2561 1102 2608 multis,
1130 2562 1172 2598 fit
1192 2575 1238 2598 ex
1259 2561 1348 2598 uni-

1412 1892 1625 1944 (siquidem
1643 1893 1743 1929 infra
1765 1892 1991 1929 vicesimum
2007 1892 2186 1942 quintum
2204 1905 2346 1929 annum
2370 1892 2425 1929 le—

1409 1953 1567 1990 viticum
1596 1953 1869 2000 ministerium,
1889 1952 1987 1989 infra
2007 1952 2243 1989 tricesimum
2263 1952 2425 2003 adeptus

1410 2022 1466 2050 est
1480 2013 1684 2050 sacerdotii
1702 2013 1926 2063 dignitatem
1941 2012 1980 2064 *)
1998 2013 2220 2051 donandum
2239 2026 2329 2050 sane
2344 2021 2424 2050 tum

1412 2074 1493 2111 zelo
1530 2074 1763 2112 ordinatoris
1776 2104 1786 2121 ,
1823 2083 1904 2111 tum
1938 2074 2083 2111 meritis
2123 2074 2302 2111 ordinati.
2345 2077 2424 2124 Ego

1411 2149 1505 2172 vero
1533 2135 1635 2172 istud
1666 2149 1735 2173 nec
1761 2137 1799 2173 in
1836 2144 1968 2173 sancto
1991 2135 2324 2186 redarguendum,
2354 2148 2425 2172 nec

1412 2196 1677 2247 usurpandum
1700 2197 1861 2234 consulo
1881 2196 1917 2234 ei
1935 2197 2000 2247 qui
2021 2205 2176 2234 sanctus
2192 2209 2272 2233 non
2297 2196 2423 2233 fuerit.

1413 2261 1490 2295 Nec
1524 2266 1730 2295 contentus
1762 2258 1966 2308 episcopus
1991 2264 2022 2303 ⁸,
2060 2258 2175 2295 etiam
2206 2257 2309 2295 vices
2339 2270 2425 2294 suas

1415 2318 1605 2356 commisit
1626 2319 1679 2365 ei,
1698 2319 1885 2356 seminare
1907 2332 2037 2356 semen
2059 2326 2233 2356 sanctum
2254 2317 2293 2354 in
2314 2325 2424 2367 gente

1414 2392 1494 2416 non
1515 2387 1643 2416 sancta
1658 2408 1667 2425 ,
1690 2388 1728 2416 et
1749 2379 1838 2417 dare
1855 2379 1942 2416 rudi
1971 2379 2143 2430 populo,
2177 2387 2215 2415 et
2234 2378 2314 2415 sine
2344 2378 2424 2427 lege

1414 2440 1581 2487 viventi,
1610 2441 1730 2490 legem
1751 2441 1840 2478 vitae
1868 2448 1906 2477 et
1927 2440 2149 2491 disciplinae.
2171 2439 2348 2490 Suscepit
2363 2438 2425 2475 ille

1414 2501 1639 2539 mandatum
1660 2503 1699 2539 in
1717 2503 1823 2540 omni
1843 2503 2058 2548 alacritate,
2079 2502 2177 2539 sicut
2191 2509 2273 2538 erat
2288 2500 2424 2551 spiritu

1415 2563 1589 2610 fervens3
1626 2577 1696 2600 nec
1728 2563 1879 2600 talentis
1911 2561 2099 2599 incubans
2114 2591 2124 2609 ,
2167 2561 2233 2599 scd
2273 2561 2424 2598 inhians

333 2619 461 2667 genito
496 2620 776 2670 primogenitus
814 2620 853 2656 in
893 2620 1021 2658 multis
1061 2619 1255 2657 fratribus.
1298 2624 1394 2660 EtD
1412 2623 1540 2660 lucris.
1568 2626 1616 2660 Et
1640 2636 1726 2660 ecce
1755 2624 1893 2673 linguae
1917 2623 2067 2660 sarculo
2097 2622 2215 2672 coepit
2233 2621 2421 2666 evellere,

334 2688 375 2715 ut
403 2680 511 2729 prior
533 2680 572 2716 in
599 2681 873 2728 conversione,
901 2681 954 2718 ita
982 2681 1021 2718 in
1051 2681 1344 2718 conversatione

333 2739 534 2777 sublimior
558 2756 565 2777 :
589 2750 626 2778 et
646 2742 712 2791 qui
739 2750 826 2779 ante
848 2755 982 2779 omnes
1014 2742 1141 2789 venit,
1169 2742 1343 2779 omnium

326 2798 472 2849 judicio
502 2814 618 2852 supra
638 2815 771 2839 omnes
791 2803 947 2839 emicuit
970 2802 1009 2839 in
1036 2803 1190 2840 virtute.
1216 2806 1263 2839 Et
1290 2802 1344 2839 di-

334 2872 430 2907 gnus
449 2860 550 2897 visus
570 2870 626 2898 est
643 2861 826 2912 episcopo
844 2862 987 2912 pariter
1001 2871 1038 2899 et
1057 2862 1258 2912 magistro,
1278 2861 1343 2911 qui

333 2919 381 2955 ad
397 2919 546 2957 diaconi
563 2922 724 2971 gradum
741 2932 1050 2974 promoveretur.
1071 2927 1118 2961 Et
1135 2930 1343 2974 coegerunt

333 2993 434 3017 eum.

1411 2683 1632 2731 destruere,
1666 2683 1870 2734 dissipare,
1896 2684 1943 2721 de
1967 2683 2027 2721 die
2055 2683 2095 2720 in
2123 2682 2224 2719 diem
2253 2681 2423 2719 factitans

1410 2757 1529 2794 prava
1560 2744 1598 2780 in
1633 2744 1794 2791 directa,
1833 2753 1871 2781 et
1911 2757 2047 2795 aspera
2084 2744 2123 2781 in
2157 2743 2239 2781 vias
2276 2742 2420 2793 planas·

1411 2803 1637 2842 Exsultabat
1665 2812 1707 2841 ut
1738 2805 1840 2854 gigas
1871 2804 1918 2841 ad
1949 2802 2242 2841 discurrendum
2264 2801 2418 2852 ubique.

1412 2866 1566 2903 Diceres
1588 2865 1713 2915 ignem
1746 2873 1923 2902 urentem
1946 2865 1984 2902 in
2006 2863 2271 2902 consumendo
2297 2860 2421 2899 crimi-

1410 2939 1502 2963 num
1524 2939 1672 2976 vepres.
1694 2925 1850 2963 Diceres
1870 2925 2034 2962 securim
2059 2925 2121 2961 vel
2141 2923 2280 2961 asciam
2302 2922 2341 2959 in
2359 2920 2420 2958 de-

1406 2986 1576 3036 jiciendo
1608 2986 1865 3037 plantationes
1885 2986 2001 3023 malas
2016 3015 2025 3033 ,
2048 2985 2261 3035 exstirpare
2289 2981 2420 3020 barba-

1411 3048 1511 3085 ricos
1536 3048 1652 3095 ritus,
1684 3048 1857 3098 plantare
1876 3046 2164 3085 ecclesiasticos.
2193 3049 2420 3083 veternosas

1411 3121 1544 3146 omnes
1581 3107 1593 3160 (
1626 3121 1751 3158 neque
1789 3108 1891 3145 enim
1924 3120 2056 3159 paucae
2085 3101 2418 3154 inveniebantur)

1409 3167 1588 3206 abolebat
1607 3169 1917 3220 superstitiones,
1937 3181 2004 3206 seu
2022 3167 2231 3218 quaslibet,
2249 3164 2417 3203 ubicum-

378 3295 386 3310 ¹
407 3289 527 3322 Threi),
550 3302 608 3328 111,
635 3295 691 3331 27,
717 3296 771 3324 28.
792 3311 834 3316 -—
856 3298 868 3313 ²
885 3292 956 3324 lsai.
976 3296 1164 3332 xxx11,17.
1203 3313 1231 3316 V
1256 3293 1268 3314 3
1288 3295 1369 3325 Psal.
1388 3306 1516 3334 cxviii,
1552 3298 1627 3326 141.

373 3350 386 3364 ³
401 3349 522 3380 Scilicet
538 3351 666 3382 Celsus:
687 3351 757 3383 vide
771 3351 870 3391 infra,
886 3363 917 3383 ιι.
941 3356 991 3383 19.
