2517 3920
337 197 440 234 5203
1110 198 1144 233 S.
1177 198 1429 234 BERNARDI
1460 197 1659 233 ABBATIS
2322 201 2416 239 1204

331 277 452 325 gleeta
466 274 621 324 quidem
637 274 822 312 offensam
839 275 1091 321 contrahunt,
1108 275 1172 312 sed
1187 273 1399 324 ἱιιηῆςῑιι317
1414 293 1427 306 υ
1449 287 1616 323 unquam
1636 273 1695 309 vel
1718 273 1754 309 in
1775 286 1906 322 opere,
1930 274 1990 310 vel
2011 274 2049 310 in
2078 274 2308 324 cogitatione
2325 278 2420 316 dila-

330 336 515 384 gloriama
538 348 615 371 non
637 344 855 382 merentur;
887 344 924 372 et
956 336 1138 372 damnant
1167 334 1374 371 contem-A
1412 352 1426 366 »
1446 333 1598 370 bantur.
1617 352 1630 366 υ
1648 333 1719 370 Sed
1735 333 1839 383 quod
1858 333 1946 370 hinc
1963 334 2081 371 sensit
2096 336 2155 371 vir
2174 338 2419 387 apostolicus,

330 403 482 444 ptorem
495 424 503 440 ‚
521 404 559 432 et
578 404 771 432 auctorem
788 409 864 432 non
885 396 1110 445 glorificant.
1127 395 1229 432 Talia
1252 402 1340 430 sunt

330 468 584 505 quaecumque
609 455 790 492 divinitus
811 457 890 504 lege
915 455 1067 505 publica
1089 455 1340 504 imponuntur

330 514 563 561 hominibus,
578 516 658 552 sine
674 515 813 565 quibus
830 529 899 552 nec
914 515 1050 552 salvari
1067 523 1223 564 queunt.
1240 514 1339 551 Hinc

329 574 424 611 illud
444 575 548 625 apud
568 576 746 625 gentilem
766 590 773 611 :

401 698 478 728 Non
492 696 550 728 feci
564 696 692 729 furtum.
711 699 784 729 Non
802 707 909 739 pasces
922 696 954 728 in
969 707 1060 728 cruce
1074 706 1184 727 corvos
1195 695 1223 726 *.

334 819 380 853 Et
406 817 445 853 in
481 818 715 867 Evangelio:
741 819 783 854 Si
816 819 972 866 diligitis
1002 830 1063 852 eos
1089 820 1153 864 qai
1176 829 1243 851 vos
1263 818 1346 864 ‹ljli-

328 885 442 924 gunt,
464 891 576 924 qaam
608 878 812 913 mercedem
841 876 1054 912 habebitis?
1084 884 1118 910 et
1145 877 1179 910 .ςὶ
1196 878 1344 912 saluca—

331 941 453 971 (ιω-[ω’
469 935 613 983 ‘fratres
631 946 773 973 vestros
793 946 937 972 tautum
951 966 960 982 ‚
983 938 1077 984 quid
1095 938 1257 984 amplilcs
1274 934 1346 983 fa-

331 997 410 1031 citis
428 997 467 1031 ΙΞ)
486 997 658 1046 Denique
689 1005 727 1033 et
746 996 1025 1043 universaliter,
1062 997 1151 1032 Cam
1174 995 1346 1042 fhcerite‘s

1406 393 1477 429 hoe
1498 407 1536 430 se
1556 394 1764 443 Apostolus
1794 393 1954 442 implere
1975 394 2162 443 gloriatur
2182 410 2190 432 :
2221 398 2320 442 Quoe
2333 427 2344 442 ‚
2363 399 2422 436 in—

1406 454 1564 503 quiens,
1586 463 1681 489 relro
1708 453 1854 496 oblitus,
1887 463 1920 489 et
1949 456 2003 490 acl
2027 469 2072 490 ea
2101 470 2188 503 quoe
2217 466 2304 493 aute
2329 469 2413 495 sant

1408 512 1618 550 extentus?
1643 517 1703 551 An
1730 522 1767 550 et
1794 513 1982 563 propheta
2010 515 2181 551 Ezechiel
2209 515 2311 553 idem
2340 530 2418 556 non

1409 574 1657 623 significavit,
1679 587 1765 610 cum
1784 573 1831 610 de
1856 574 1995 612 sanctis
2015 575 2243 613 animalibus
2260 576 2421 617 diceret:

1410 636 1495 669 Non
1526 633 1800 670 revertebantur
1821 648 1904 670 cum
1937 637 2169 679 incederent,
2197 638 2264 672 sed
2291 651 2424 674 unam-

1411 697 1582 743 qzmdqm:
1601 704 1691 730 ante
1704 693 1850 742 faciem
1881 709 1987 731 suam
2009 696 2306 744 gradiebatur‘f?
2323 700 2369 734 Et
2383 697 2422 734 hi

1412 768 1545 792 omnes
1572 755 1610 791 id
1641 755 1855 801 sentiendo,
1879 769 1957 792 non
1979 755 2083 792 aliud
2114 769 2229 806 quam
2250 757 2420 807 Magistri

1412 816 1470 853 sui
1490 817 1714 852 sententiam
1737 816 1856 853 secuti
1873 825 1961 853 sunt
1976 845 1986 862 ,
2007 816 2166 854 dicentis
2185 817 2225 854 in
2247 820 2420 867 Evange-

1413 876 1465 912 lio
1484 891 1491 912 :
1512 878 1631 911 Nemo
1652 881 1801 912 mittem·
1818 890 1971 912 summm
1992 890 2099 913 suam
2121 879 2174 913 ad
2189 885 2372 925 aratrum,
2390 888 2425 915 ec

1412 940 1616 984 respiciens
1639 945 1746 982 retro,
1766 945 1875 984 aptus
1895 946 1952 972 est
1977 951 2089 985 regno
2110 940 2183 973 Dei
2194 936 2222 974 ⁵.
2245 938 2424 975 Praescri-

1413 995 1477 1032 bat
1500 995 1666 1045 proinde
1683 995 1898 1032 stabilitatis
1925 1005 2079 1046 pactum
2106 997 2212 1033 omni
2245 996 2425 1048 deinceps

332 1059 460 1090 onmia
477 1069 563 1103 quoe.
580 1058 762 1092 nmmlala
784 1065 872 1092 sunt
884 1055 1002 1100 vobis,
1023 1058 1134 1091 (licite
1149 1057 1236 1104 quia
1249 1061 1344 1092 servi
1363 1054 1392 1089 Β
1412 1056 1569 1093 remisso
1595 1055 1816 1101 descensui,
1843 1056 2085 1094 contentioso
2105 1056 2285 1094 discessui
2303 1086 2312 1103 ,
2328 1071 2423 1108 vago

331 1116 483 1150 inutiles
497 1128 641 1159 snmus,
665 1130 754 1164 quoe
765 1115 897 1163 filcere
914 1115 1119 1160 debuimus,
1136 1114 1302 1164 fecimus
1315 1122 1341 1153 ².

332 1178 386 1210 Ac
403 1173 432 1209 si
451 1173 551 1210 dicat
572 1190 579 1212 :
603 1175 639 1212 Si
660 1176 751 1212 solis
779 1176 948 1212 contenti
970 1176 1059 1212 estis
1086 1176 1288 1226 praeceptis
1308 1185 1346 1214 et

335 1232 606 1272 traditionibus
620 1235 807 1286 impositae
821 1236 927 1286 legis,
941 1244 978 1272 et
991 1249 1071 1273 non
1085 1245 1222 1286 sponte
1233 1237 1346 1274 etiam

329 1294 576 1343 perfectionis
599 1310 668 1334 vos
688 1297 853 1334 consiliis
874 1306 911 1335 et
931 1297 1173 1335 suasionibus
1193 1298 1343 1335 manci-

331 1354 450 1403 patis,
479 1355 589 1392 liberi
617 1357 771 1406 quidem
793 1358 881 1395 estis
905 1371 926 1395 a
949 1357 1093 1404 debito,
1116 1371 1193 1394 non
1216 1366 1341 1395 tamen

331 1426 404 1462 pro
425 1415 562 1452 merito
584 1417 738 1466 gloriosi
759 1433 767 1454 z
790 1418 960 1455 evasistis
977 1431 1131 1468 poenam
1147 1446 1156 1463 ‚
1177 1417 1242 1454 sed
1263 1431 1341 1455 non

333 1475 543 1524 acquisistis
572 1491 766 1515 coronam.
785 1482 969 1527 Quaenam
999 1491 1090 1528 ergo
1117 1491 1187 1515 nos
1215 1491 1342 1515 neces-

332 1534 422 1571 sitas
443 1537 543 1585 cogit
559 1550 688 1586 parem
706 1538 744 1574 in
768 1538 938 1588 singulis,
961 1552 1046 1588 quae
1064 1537 1238 1587 injuncta
1260 1539 1343 1575 fue-

334 1593 432 1638 rint,
458 1603 495 1631 et
516 1595 721 1634 formidare
748 1598 933 1635 ultionem
956 1598 1003 1635 de
1021 1599 1342 1648 transgressione,

329 1662 369 1690 et
407 1653 453 1691 de
483 1655 769 1695 observationes
800 1672 934 1708 pei-are
973 1661 1346 1696 remunerationem?

333 1717 546 1766 Eapropter
562 1717 598 1753 in
619 1717 755 1755 talibus
769 1720 954 1768 generalis
972 1720 1052 1757 haec
1069 1721 1198 1769 regula
1220 1729 1348 1757 tenea—

334 1783 408 1821 tur,
425 1785 466 1812 ut
486 1777 524 1813 in
540 1777 817 1816 difficilioribus
831 1780 985 1829 quidem
1006 1780 1162 1831 agendis
1177 1779 1347 1817 obeditio

1410 1125 1448 1153 et
1468 1117 1620 1153 curioso
1647 1116 1848 1163 discursui,
1871 1117 1987 1154 totius
2001 1116 2167 1166 denique
2194 1117 2416 1155 inconstan-

1413 1177 1473 1213 tiae
1494 1176 1661 1222 levitati3
1683 1189 1760 1212 non
1787 1184 1913 1213 tamen
1935 1177 1992 1214 his
2017 1177 2159 1227 quaein
2178 1177 2427 1228 professionis

1413 1237 1509 1274 serie
1538 1245 1764 1287 sequuntur,
1782 1250 1933 1275 morum
1959 1237 2138 1275 videlicet
2166 1239 2420 1286 conversioni,

1411 1306 1449 1335 et
1466 1297 1696 1335 obedientiae
1713 1311 1799 1347 quae
1818 1297 2030 1335 secundum
2047 1299 2234 1348 Regulam
2252 1299 2307 1336 fit.
2330 1303 2426 1337 Nam

1408 1358 1436 1395 si
1456 1358 1537 1395 haec
1553 1357 1694 1394 ibidem
1707 1387 1716 1404 ‚
1738 1371 1811 1408 pro
1831 1358 2078 1408 improbitate
2098 1359 2281 1396 nimirum
2307 1367 2423 1409 atque

1407 1418 1689 1468 irreligiositate
1706 1417 2027 1465 cohabitantium,
2050 1418 2217 1456 obtineri
2239 1418 2338 1455 forte
2358 1432 2422 1456 ne-

1408 1479 1601 1530 quiverint
1625 1494 1634 1524 ;
1666 1479 1763 1516 duce
1785 1479 1923 1529 spiritu
1951 1478 2138 1517 libertatis
2167 1479 2330 1516 transire
2364 1479 2426 1516 in-

1409 1539 1631 1577 dubitanter
1647 1539 1788 1576 suadeo
1807 1540 1854 1577 ad
1872 1540 1999 1577 locum
2017 1539 2152 1587 alium,
2173 1539 2240 1577 ubi
2257 1553 2336 1577 non
2359 1540 2427 1577 im-

1410 1600 1588 1651 pediatur
1606 1600 1723 1637 homo
1740 1599 1902 1637 reddere
1921 1605 2006 1638 Deo
2027 1609 2116 1638 vota
2133 1613 2201 1638 sua
2212 1629 2222 1646 ,
2245 1614 2332 1651 quae
2351 1600 2425 1638 dis-

1413 1659 1610 1696 tinxerunt
1645 1658 1743 1696 labia
1779 1673 1858 1697 sua.
1891 1663 1938 1697 Et
1977 1660 2133 1710 quidem
2168 1674 2255 1697 cum
2292 1668 2424 1698 sancto

1413 1727 1565 1756 sanctus
1586 1720 1680 1764 eris,
1702 1727 1739 1756 et
1757 1733 1842 1756 cum
1859 1733 2044 1770 perverso
2065 1720 2307 1770 perverteris.

1460 1780 1531 1817 ⁴45.
1563 1783 1660 1818 Sane
1677 1780 1724 1817 de
1746 1781 1930 1830 religiosis
1958 1794 2000 1818 ac
2018 1780 2117 1818 bene
2143 1779 2330 1817 ordinatis
2347 1793 2428 1817 mo-

335 1836 489 1885 gl'at501·‚
511 1852 623 1887 quam
655 1840 809 1889 gravior
841 1841 1104 1890 praevaricatio
1125 1840 1345 1890 judicetur:
1367 1841 1394 1877 C
1414 1838 1587 1875 nasteriis
1618 1839 1748 1876 nullus
1777 1840 2040 1889 professorum
2070 1852 2157 1876 meo
2184 1840 2358 1885 consilio,
2378 1852 2426 1877 ne

335 1904 373 1931 et
402 1896 441 1932 in
478 1897 710 1937 facilioribus
739 1901 939 1950 minusque
970 1902 1143 1938 onerosis
1174 1910 1347 1937 coutem—

337 1963 425 2005 ptus
446 1956 713 2005 damnabilior,
735 1974 849 2011 quam
870 1969 976 1998 actus
998 1961 1228 1998 laudabilior
1249 1962 1347 1999 aesti—

342 2024 477 2054 inetur.

683 2140 862 2178 CAPUT
892 2140 1005 2179 XVI.

383 2260 547 2291 Transitus
563 2267 593 2292 et
607 2262 736 2293 mutatio
752 2262 932 2294 monasterii
948 2269 1102 2304 quatenus
1121 2261 1298 2306 probanda.

392 2371 454 2408 44.
477 2377 558 2410 Jam
577 2383 613 2411 et
628 2376 657 2412 si
678 2376 723 2413 de
744 2376 816 2412 hoc
835 2376 922 2413 satis
943 2384 1019 2422 est,
1042 2375 1240 2412 videamus
1260 2389 1351 2425 qua-

341 2439 449 2469 tenus
481 2435 591 2471 etiam
626 2436 790 2473 tenenda
819 2438 866 2473 sit
890 2437 993 2486 ipsa,
1027 2449 1113 2485 quae
1137 2436 1174 2472 in
1205 2436 1351 2486 profes-

339 2492 446 2530 sione
469 2495 609 2532 tirmari
632 2497 750 2542 solet,
773 2497 845 2533 loci
864 2496 1065 2542 stabilitas,
1085 2505 1122 2532 et
1138 2496 1276 2546 quibus
1292 2496 1347 2547 (si

338 2552 477 2601 quilms
502 2556 651 2607 tamen)
673 2571 719 2594 ex
739 2558 860 2594 causis
878 2571 1058 2607 rumpere
1079 2555 1181 2593 illam
1209 2558 1268 2593 vel
1300 2558 1347 2594 li-

1415 1898 1587 1935 arctioris
1604 1899 1757 1948 quidem
1775 1900 1864 1936 vitae
1881 1899 2087 1946 desiderio,
2103 1899 2184 1936 sine
2201 1899 2354 1936 licentia
2369 1899 2427 1937 sui

1415 1958 1575 1995 senioris
1597 1957 1853 2008 egredieturb.
1875 1962 2058 2008 Egressus
2076 1967 2223 2006 tamen,
2247 1959 2277 1997 si
2294 1959 2427 1997 melius

1414 2017 1604 2054 invenerit
1624 2026 1661 2054 et
1681 2019 1854 2067 elegerit,
1876 2032 1962 2056 meo
1982 2019 2230 2056 nihilominus
2244 2018 2323 2068 jam
2338 2032 2427 2056 con-

1415 2077 1498 2114 silio
1525 2091 1604 2114 non
1626 2078 1865 2127 regrediatur
1884 2079 1932 2116 ad
1957 2079 2116 2117 inferius
2132 2078 2278 2116 bonum
2292 2106 2302 2126 ,
2323 2079 2426 2130 quod

1415 2138 1622 2188 reliquerat
1641 2147 1679 2176 et
1699 2147 1983 2190 contempserat
2008 2153 2087 2190 prae
2118 2140 2267 2177 meliori
2291 2155 2299 2177 :
2327 2153 2426 2191 prae—

1416 2199 1545 2236 sertim
1577 2199 1606 2236 si
1639 2199 1731 2236 illud
1764 2199 1902 2237 melius
1935 2201 2008 2237 tale
2041 2201 2175 2247 fuerit,
2213 2200 2318 2250 quod
2345 2199 2426 2251 ejus

1416 2259 1549 2309 primae
1589 2260 1819 2310 professioni
1860 2273 2073 2311 congruere
2109 2260 2297 2298 videatur.
2339 2265 2424 2312 Ipse

1417 2332 1555 2368 nempe
1583 2319 1745 2365 viderit,
1769 2333 1844 2370 qua
1865 2321 2033 2366 ratione,
2061 2334 2186 2370 quave
2214 2321 2426 2358 intentione

1417 2379 1553 2416 altiora
1573 2392 1639 2416 seu
1661 2380 1825 2417 arctiora
1846 2381 2135 2431 praesumpserit
2154 2396 2162 2418 :
2184 2394 2273 2418 nam
2301 2381 2348 2418 ad
2367 2381 2425 2418 in-

1419 2439 1560 2475 feriora
1580 2438 1659 2488 jam
1678 2440 1738 2476 vel
1759 2440 1995 2487 remissiora,
2017 2454 2078 2478 me
2098 2441 2335 2486 consulente,
2356 2453 2426 2478 ne·

1415 2512 1605 2548 quaquam
1628 2498 1860 2548 apostatabit
1879 2514 1886 2536 :
1909 2500 2031 2537 sinon
2052 2508 2178 2537 tamen
2196 2500 2271 2537 loci
2289 2500 2425 2550 prioris

1414 2558 1550 2595 vicinia
1568 2568 1783 2606 revocetur,
1801 2560 1890 2609 quia
1919 2559 1966 2596 de
1993 2569 2086 2597 noto
2108 2560 2342 2597 monasterio
2357 2572 2425 2597 nec

339 2622 420 2650 ceat
451 2616 644 2665 cuiquam,
672 2619 731 2655 vel
758 2618 946 2669 expediat.
970 2622 1017 2655 Et
1045 2618 1134 2654 hinc
1165 2617 1349 2667 siquidem
1368 2622 1401 2655 D
1420 2619 1574 2655 retineri
1591 2619 1676 2668 quis
1697 2619 1923 2668 regulariter
1942 2628 2092 2670 potest,
2110 2633 2180 2656 nec
2202 2620 2321 2670 recipi
2347 2619 2425 2657 sine

340 2673 514 2713 dubitare
538 2691 605 2714 vos
626 2679 762 2716 dicitis.
786 2679 845 2717 Ad
865 2679 970 2729 quod
997 2678 1150 2715 interim
1172 2691 1274 2715 nunc
1294 2692 1354 2715 se-

343 2746 457 2770 curus
485 2739 769 2786 responderim,
801 2753 821 2776 a
851 2739 955 2776 bono
989 2739 1094 2789 quod
1125 2739 1240 2775 semel
1270 2740 1354 2788 quis

341 2796 511 2842 vox-erit,
544 2798 773 2836 descendere
793 2814 870 2837 non
891 2801 1005 2837 licere
1022 2815 1029 2837 z
1049 2808 1086 2837 et
1110 2799 1156 2836 ad
1181 2799 1253 2836 hoc
1270 2813 1355 2836 mu-

345 2859 424 2889 tare
446 2855 591 2903 locum,
606 2872 717 2907 quem
738 2859 808 2896 sibi
832 2861 994 2911 quisque
1019 2860 1219 2909 delegerit,
1235 2868 1272 2896 et
1293 2861 1352 2897 cui

342 2924 381 2949 se
407 2925 473 2949 sua
506 2917 703 2954 x‘oluntate
735 2928 771 2955 ct
800 2933 893 2956 voce
926 2920 1158 2965 firmaverit,
1193 2920 1352 2957 omnino

343 2984 421 3007 non
448 2976 605 3011 consulo
620 3006 628 3021 ,
647 2978 711 3013 sed
732 2992 799 3015 nec
827 2988 978 3016 sanctus
1007 2993 1106 3030 papa
1130 2981 1349 3029 Gregorius.

342 3030 405 3067 Ait
431 3033 559 3070 enim:
583 3052 597 3065 «
625 3037 781 3073 Perfecti
810 3039 951 3087 quique
982 3053 1117 3088 magna
1145 3053 1184 3076 se
1212 3040 1351 3077 discre-

345 3090 458 3128 tionis
485 3092 692 3132 subtilitate
725 3098 989 3147 conspiciunt‚
1013 3112 1058 3135 ne
1085 3101 1131 3136 ad
1163 3100 1350 3138 deteriora

1421 2691 1609 2715 consensu
1631 2677 1777 2715 abbatis
1807 2677 1904 2716 sui⁶.
1923 2683 1970 2716 Et
2002 2680 2162 2730 accipite
2193 2679 2426 2717 manifestius

1422 2737 1460 2773 in
1476 2736 1660 2787 ekemplis
1681 2737 1795 2787 hujus
1813 2740 2010 2776 sententiae
2028 2740 2228 2776 rationem.

1477 2798 1541 2834 [16.
1584 2801 1698 2835 Forte
1736 2799 1820 2835 vult
1861 2799 1997 2848 aliquis
2031 2799 2078 2836 de
2115 2797 2426 2837 cluniacensibus

1421 2858 1602 2894 institutis
1621 2857 1669 2894 ad
1687 2858 1992 2895 Cisterciensium
2018 2872 2099 2896 sese
2127 2859 2311 2908 stringere
2333 2869 2418 2908 pau-

1419 2928 1605 2970 pertatem
1619 2949 1628 2965 ,
1655 2920 1798 2969 eligens
1820 2934 1899 2970 prae
1919 2921 1992 2957 illis
2019 2920 2200 2957 nimirum
2222 2926 2435 2956 consuetu--

1419 2979 1572 3016 dinibus
1603 2980 1721 3029 magis
1752 2980 1908 3030 Regulae
1937 2981 2156 3030 puritatem.
2179 2980 2216 3019 Si
2247 2991 2308 3016 me
2334 2990 2426 3015 con-

1418 3040 1526 3085 sulit,
1559 3053 1636 3076 uon
1659 3041 1840 3086 consulo,
1860 3041 1891 3078 si
1911 3054 1989 3077 non
2012 3036 2102 3077 sane
2132 3040 2171 3077 id
2198 3038 2343 3076 abbatis
2370 3036 2425 3075 sui

1418 3101 1611 3150 usurparit
1630 3114 1797 3138 assensu.
1820 3100 2103 3150 Quamobrem?
2122 3100 2250 3137 Primo
2269 3105 2426 3149 propter

393 3236 403 3250 ¹
425 3230 540 3263 Mauh.
560 3244 592 3269 V,
619 3235 673 3271 fis),
697 3235 751 3265 47,
770 3253 812 3256 —
830 3240 841 3255 ²
861 3238 932 3266 Luc.
953 3246 1041 3273 xvit,
1068 3240 1117 3267 10.
1148 3256 1189 3259 —
1208 3236 1221 3258 3
1240 3238 1376 3281 Philipp.
1398 3251 1452 3275 111,
1478 3242 1529 3270 13.
1547 3256 1590 3259 —
1607 3236 1620 3263 Γ»
1640 3237 1751 3268 Ezech.
1775 3248 1785 3266 1
1800 3262 1807 3273 ,
1836 3241 1888 3268 12.
1910 3256 1951 3259 —
1971 3235 1984 3258 5
2003 3241 2066 3269 Luc
2093 3248 2124 3268 ix
2139 3262 2145 3274 ,
2169 3239 2222 3267 62.
2246 3254 2282 3258 κ-
2313 3232 2328 3255 ⁶
2344 3236 2421 3275 Reg-

344 3295 371 3315 34
399 3284 576 3321 Benedicti,
600 3297 669 3328 cap.
689 3290 741 3317 (31.

1411 3295 1424 3308 ‘¹
1447 3293 1527 3323 Alias
1540 3316 1546 3328 ‚
1565 3291 1716 3332 gratiam.

388 3345 401 3363 ¹³
423 3344 499 3373 Vidi·
518 3346 663 3375 noum-11⁴2
681 3347 840 3387 epi-:lolam
861 3352 938 3380 .'.¹.>.'›,
961 3359 987 3377 ιι.
1009 3351 1044 3380 ’2,
1066 3348 1117 3377 ubi
1139 3349 1176 3378 de
1194 3351 1379 3380 monasterio
1397 3350 1632 3381 Ssnivti-Pe1ii21i
1648 3350 1728 3380 idem
1746 3349 1861 3379 asserit.
