2533 3920
376 203 451 240 379

562 484 933 542 EPISTOLA
986 482 1235 542 CLXV?

394 636 440 657 AI)
474 634 664 656 FALCONEM
700 618 928 665 DECANL')1¹’‚
963 634 1007 655 ET
1039 634 1241 657 GUIDONEM
1276 636 1363 657 THE-

500 695 719 718 sacr-ARIEM
752 694 1009 717 LL‘GDL‘NENSIS
1043 695 1233 718 EC(1LESI.†:.

776 820 857 844 L'nde
883 826 979 851 supra.

428 939 562 987 Plaga,
586 944 628 971 ut
652 933 809 978 videtis,
836 933 1071 978 charissimi,
1106 934 1283 970 Ecclesiae
1316 948 1384 971 no-

378 1007 463 1034 strae
484 1008 618 1045 magna
634 1002 710 1038 est,
734 1002 772 1029 et
792 992 910 1028 multa
929 1000 1013 1040 eget
1036 1005 1148 1038 cura3
1171 1006 1241 1029 nec
1266 994 1382 1030 modo

379 1059 518 1100 multa,
541 1055 605 1093 sed
637 1056 727 1099 cita,
748 1053 801 1089 ita
835 1060 876 1088 ut
904 1051 1053 1088 assidue
1088 1066 1173 1088 cum
1207 1053 1430 1102 lacrymisB

374 1117 522 1155 Medico
541 1115 683 1152 coelesti
700 1114 883 1149 instemus
901 1111 1068 1149 dicentes
1090 1127 1098 1148 :
1118 1115 1290 1158 Domine,
1314 1116 1384 1149 cle-

372 1179 507 1213 scende
536 1181 760 1224 priusquam
792 1177 1012 1209 moriatur&
1040 1176 1172 1210 Unum
1195 1181 1252 1210 est
1280 1173 1386 1223 quod

376 1238 494 1287 magis
527 1235 731 1273 exacerbat
764 1233 938 1270 dolorem
960 1261 970 1278 ,
1004 1241 1041 1270 et
1075 1246 1174 1283 pene
1207 1234 1386 1284 desperat

375 1298 612 1336 curationem
637 1311 644 1332 :
667 1295 756 1345 quia
772 1294 953 1331 nimirum
973 1292 1062 1329 inde
1085 1302 1141 1330 est
1161 1302 1245 1330 orta
1267 1293 1385 1330 tribu-

376 1360 490 1404 latio,
512 1357 616 1394 unde
644 1355 855 1393 consolatio
881 1354 1027 1404 sperari
1053 1353 1249 1390 debuerat.
1277 1355 1386 1402 Quis-

378 1433 464 1456 nam
485 1419 599 1463 enim,
621 1431 643 1453 0
663 1417 799 1452 misera
814 1443 823 1460 ,
843 1415 984 1450 malum
1000 1414 1072 1450 hoc
1089 1413 1192 1463 quod
1214 1414 1382 1463 plangis,

377 1480 529 1517 induxit
551 1491 666 1528 super
688 1478 750 1513 te?
776 1475 952 1512 Profecto
984 1488 1063 1511 non
1089 1474 1264 1511 inimicus
1278 1504 1287 1520 ,
1306 1487 1385 1511 11011

377 1541 408 1577 is
425 1541 490 1590 qui
512 1539 646 1576 oderat
665 1546 700 1574 te
723 1552 730 1573 :
754 1536 819 1573 sed
838 1536 954 1572 homo
970 1535 1181 1580 unanimis,
1206 1534 1282 1571 dux
1299 1544 1385 1572 tuus

378 1609 415 1637 et
433 1599 750 1649 metropolitanus
771 1605 869 1632 tuus.
888 1595 1093 1643 Quomodo
1111 1594 1158 1631 ab
1176 1604 1323 1642 austro,
1349 1605 1386 1633 et

378 1674 458 1697 non
482 1659 562 1709 jam
592 1658 639 1695 ab
666 1657 844 1707 aquilone
870 1655 1053 1706 panditur
1080 1669 1193 1692 omne
1215 1656 1386 1693 malum?

378 1721 515 1758 Merito
533 1718 695 1770 proinde
716 1730 794 1754 non
812 1725 868 1753 est
884 1716 996 1752 dolor
1015 1716 1112 1752 sicut
1129 1716 1240 1752 dolor
1255 1729 1360 1753 meus
1374 1745 1383 1763 ‚

379 1781 560 1830 quoniam
596 1779 642 1815 de
678 1777 817 1828 quibus
856 1776 1096 1826 potissimum
1129 1776 1385 1826 praesumeba-

1142 204 1176 238 S.
1209 204 1461 239 BERNARDI
1489 205 1662 240 ABBATI
1668 207 1690 241 S

2377 210 2398 245 3
2403 211 2452 248 80

1392 279 1439 298 '⁶³
1450 282 1570 330 legem
1593 282 1759 325 Excelsi,
1777 282 1842 330 qui
1865 282 1979 318 sacris
1998 281 2282 334 obtemperaret
2301 291 2453 327 canoni-

1155 365 1383 374 mmmm-„-
1402 341 1433 373 A
1450 340 1522 377 bus
1543 357 1551 378 :
1574 342 1639 391 qui
1665 341 1831 390 denique
1860 354 1899 378 se
1927 341 2106 379 indueret
2126 344 2249 380 zelum
2270 345 2451 396 Phinees,

1450 410 1488 437 et
1526 402 1664 451 linguae
1699 415 1883 438 mucrone
1919 402 2146 440 confoderet
2177 405 2408 445 fornicantes
2425 415 2451 446 ².

1450 465 1542 510 Quae
1563 476 1650 499 cum
1672 463 1722 498 ita
1744 462 1790 498 de
1812 462 1920 499 vobis
1940 463 1986 499 ad
2015 464 2087 500 Dei
2107 472 2144 500 et
2162 474 2326 503 vestram
2349 463 2455 518 ipsoss

1451 536 1535 559 rum
1557 523 1716 572 gloriam
1744 521 1886 571 ubique
1907 524 2134 570 clarescant,
2157 534 2273 562 restat
2292 535 2334 563 ut
2348 529 2458 577 prin-

1451 583 1551 632 cipio
1570 592 1644 620 tam
1665 583 1844 620 laudabili
1862 583 2095 633 condignum
2125 586 2270 623 exitum
2287 587 2398 635 dare,
2417 598 2456 627 et

1449 645 1582 682 hostiae
1603 645 1716 695 capiti
1733 644 1890 681 caudam
1902 644 2064 695 jungere
2081 647 2268 697 satagatis.

2044 795 2111 804 nvn
2117 787 2458 808 .n=.-„„u„;„uun.

1593 896 1966 952 EPISTOLA
2020 897 2306 957 CLXVI?

1591 1061 1639 1082 AD
1672 1061 1853 1083 DOMINL'M
1886 1062 2002 1085 Papam
2033 1062 2315 1089 INNOCENUUM.

1858 1174 1941 1200 Unde
1961 1182 2060 1207 supra.

1510 1286 1542 1321 1.
1578 1288 1722 1321 Iterum
1755 1285 1906 1332 clamo,
1941 1285 2081 1324 iterum
2109 1287 2244 1337 pulso,
2277 1289 2348 1326 etsi
2379 1303 2459 1328 non

1452 1345 1626 1381 clamosis
1649 1344 1827 1391 vocibus,
1853 1354 1955 1382 certe
1986 1346 2211 1396 lacrymosis
2241 1350 2456 1399 gemitibus.

1452 1406 1561 1455 Cogit
1574 1406 1712 1442 iterare
1730 1407 1915 1443 clamores
1930 1407 2063 1444 iterata
2079 1408 2118 1445 in
2134 1421 2205 1445 nos
2220 1409 2359 1459 injuria
2375 1425 2460 1461 per—

1453 1466 1642 1511 ditorum,
1674 1475 1712 1503 et
1739 1467 2050 1516 prolongantium
2076 1469 2317 1519 iniquitatem
2338 1485 2457 1510 suam.

1452 1527 1663 1564 Consortati
1682 1535 1771 1563 sunt
1790 1527 1973 1565 addentes
1994 1530 2363 1578 praevaricationem.
2380 1537 2461 1584 Ap-

1452 1595 1603 1637 ponunt
1634 1596 1872 1637 iniquitatem
1903 1602 2020 1639 super
2044 1589 2286 1640 iniquitatem
2302 1620 2312 1637 ,
2341 1601 2379 1629 et
2397 1606 2461 1630 su-

1452 1647 1585 1697 perbia
1607 1661 1740 1685 eorum
1762 1648 1931 1685 ascendit
1951 1662 2113 1699 semper.
2141 1651 2308 1688 Invaluit
2332 1653 2459 1700 furor,

1451 1710 1579 1760 pudor
1619 1710 1796 1754 evanuit,
1835 1718 1873 1746 et
1904 1710 2018 1747 timor
2053 1711 2136 1748 Dei.
2173 1715 2295 1760 Quem
2328 1722 2462 1752 contra

1454 1779 1572 1818 tuam,
1594 1775 1724 1817 Pater,
1740 1770 1913 1808 cautamd
1930 1770 2152 1821 justamque
2171 1772 2460 1823 dispositionem

382 1855 484 1887 mus,
508 1840 554 1877 ab
581 1840 671 1890 ipsis
701 1838 802 1889 passi
825 1850 979 1882 sumus,
1006 1845 1043 1873 et
1062 1850 1141 1873 non
1167 1836 1213 1873 ab
1242 1838 1333 1873 aliis.
1356 1841 1386 1875 Ο
1408 1842 1435 1878 C
1456 1846 1533 1869 non
1557 1832 1768 1868 timuerunt
1796 1832 1936 1881 eligere
1951 1861 1961 1878 ,
1991 1832 2104 1869 etiam
2125 1841 2213 1883 post
2235 1834 2462 1884 appellatio-

379 1901 646 1951 Lugdunensis
663 1900 725 1950 pia
739 1907 860 1935 mater
877 1897 1042 1935 Ecclesia
1056 1901 1063 1933 I
1079 1896 1294 1946 cujusmodi
1309 1911 1387 1934 non

380 1975 586 2012 sponsum,
617 1960 681 1997 sed
706 1967 921 1996 monstrum
953 1966 1025 1995 tuae
1058 1958 1143 1994 filiae
1172 1959 1388 2008 procurasti

380 2025 500 2058 nunc!
522 2034 599 2058 non
617 2021 731 2070 plane
750 2028 909 2056 matrem
929 2018 1022 2054 te'in
1043 2018 1136 2064 1100,
1158 2019 1222 2054 5οά
1246 2032 1386 2055 nover—

379 2095 461 2119 cam
479 2082 677 2119 sensimus.
700 2084 827 2119 Gener
843 2079 903 2116 hic
921 2088 1007 2115 tuus
1025 2092 1138 2128 quam
1154 2079 1266 2128 longe
1282 2093 1302 2115 a
1320 2093 1386 2116 no-

378 2141 444 2178 bili
465 2143 528 2178 illa
548 2151 611 2178 tua
627 2142 783 2190 antiqua
798 2140 1011 2186 honestate,
1031 2140 1230 2189 gravitate,
1252 2139 1386 2189 probi-

380 2212 477 2248 tate,
502 2202 727 2251 degenerat!
751 2199 852 2248 Quid
868 2200 994 2236 enim?
1019 2212 1139 2248 egone
1156 2199 1195 2235 id
1223 2199 1384 2235 dixerim

378 2263 604 2300 honorabile
637 2260 892 2307 connubium,
913 2269 949 2296 et
981 2260 1134 2296 thorum
1166 2260 1386 2296 immacula-

381 2333 474 2371 tum,
491 2323 594 2374 quod
607 2323 653 2359 de
669 2323 732 2358 tali
747 2330 783 2358 et
803 2322 928 2358 taliter
940 2321 1079 2357 factum
1096 2320 1384 2370 est?Sinelege‚

378 2385 456 2421 sine
480 2384 615 2420 ordine
633 2411 642 2427 ,
663 2383 742 2419 sine
766 2382 912 2418 ratione
935 2381 987 2417 sic
1009 2381 1165 2417 confusa
1191 2389 1280 2417 sunt
1301 2394 1384 2417 om-

378 2446 457 2491 nia3
473 2445 549 2480 imo
569 2444 620 2480 ita
637 2451 773 2479 cuncta
793 2442 833 2478 in
849 2441 981 2478 fraude
996 2449 1033 2477 et
1055 2441 1267 2478 temeritate
1290 2454 1386 2490 prae-

378 2513 485 2554 cepta
507 2513 544 2540 et
565 2511 798 2554 praesumpta
819 2502 931 2538 fuisse
949 2510 1117 2547 constat,
1136 2510 1273 2538 utnon
1300 2501 1385 2537 dico

380 2565 619 2615 episcopum,
635 2562 700 2599 sed
714 2576 761 2599 ne
775 2562 944 2598 villicum
963 2561 1132 2611 quidem,
1150 2569 1214 2598 aut
1232 2561 1387 2597 telonia-

380 2685 475 2721 nari.
493 2683 639 2732 Quibus
662 2697 731 2719 vos
745 2682 922 2719 laudibus
935 2681 1089 2718 efferam
1105 2709 1114 2725 ,
1135 2680 1386 2726 dilectissimi,

380 2745 444 2793 qui
464 2745 534 2781 soli
554 2742 804 2780 condoluistis
822 2742 969 2777 asssictae
987 2769 996 2786 ,
1019 2749 1057 2777 et
1084 2749 1157 2777 tam
1179 2741 1217 2776 in
1237 2740 1360 2789 prima
1375 2768 1384 2785 ,

381 2817 496 2852 quam
512 2804 550 2840 in
567 2802 734 2839 secunda
749 2814 815 2838 sua
830 2801 1050 2838 defensione
1067 2813 1260 2850 oppressae
1277 2799 1389 2836 adsti-

382 2865 499 2909 tistis‚
522 2863 768 2900 ascendentes
798 2875 845 2898 ex
871 2861 1033 2897 adverso
1049 2890 1058 2906 ‚
1086 2869 1122 2897 et
1145 2868 1387 2910 opponentes

379 2937 449 2960 vos
468 2936 620 2959 murum
642 2936 712 2972 pro
730 2921 846 2957 domo
865 2922 1008 2958 Israel?
1029 2924 1114 2958 Non
1136 2929 1191 2957 est
1209 2921 1388 2957 inventus

380 2983 511 3020 similis
529 2982 638 3019 vobis
661 2982 700 3018 in
722 2982 787 3018 illo
811 2989 1023 3026 conventu,
1051 2981 1116 3030 qui
1141 2990 1387 3018 conservaret

1453 1907 1540 1930 nem
1574 1892 1628 1929 tui
1662 1890 1828 1927 nominis
1856 1890 1937 1927 ausi
1966 1899 2056 1927 sunt
2082 1904 2292 1928 exsecrare.
2323 1895 2370 1929 Et
2391 1893 2462 1930 hoc

1453 1960 1784 2004 praesumpserunt
1815 1951 2103 2001 Lugdunensis,
2131 1951 2359 1999 AEduensis,
2380 1956 2463 1990 Ma-

1455 2013 1703 2059 tisconensis,
1731 2012 1842 2049 amici
1873 2012 2153 2049 Cluniacenses.
2183 2015 2228 2049 In
2267 2012 2400 2050 fraude
2426 2022 2464 2051 et

1454 2075 1664 2113 temeritate
1692 2073 1874 2116 istorum,
1896 2071 1994 2109 heu!
2021 2085 2136 2122 quam
2167 2072 2303 2122 ingens
2329 2073 2464 2110 multi-

1453 2135 1546 2173 tudo
1565 2142 1783 2171 sanctorum
1805 2130 2041 2177 turbabitur,
2063 2131 2095 2168 si
2119 2132 2302 2182 angariati
2322 2133 2463 2170 fuerint

1453 2196 1526 2232 tale
1566 2201 1722 2244 portare
1757 2191 1920 2241 jugum,
1958 2193 2160 2242 taliterque
2205 2193 2460 2243 impositum?

1451 2255 1554 2294 Proh
1571 2254 1675 2291 nefas
1691 2256 1698 2289 Ι
1717 2252 1790 2289 1100
1807 2253 1858 2289 ita
1877 2252 2072 2302 accepturi
2089 2261 2198 2299 sunt,
2216 2266 2258 2290 ac
2274 2253 2304 2290 si
2322 2266 2462 2303 cogan-

1453 2325 1515 2353 tur
1537 2328 1662 2365 genua
1690 2325 1851 2349 curvare
1874 2320 1961 2349 ante
1987 2312 2102 2358 Baal,
2135 2321 2201 2349 aut
2232 2321 2334 2350 certe
2350 2312 2494 2362 juxtas

1450 2376 1678 2428 prophetam
1700 2381 1855 2423 pactum
1889 2372 2010 2409 facere
2037 2385 2123 2409 cum
2150 2381 2293 2418 morte,
2316 2382 2353 2410 et
2374 2387 2459 2411 cum

1452 2438 1604 2474 inferno
1631 2434 1753 2471 foedus
1779 2433 1876 2469 inire
1888 2431 1915 2469 ³.
1938 2436 2069 2482 Rogo,
2091 2431 2157 2470 ubi
2179 2432 2262 2482 jus,
2282 2432 2348 2470 ubi
2369 2434 2430 2470 lex
2445 2461 2456 2478 ‚

1453 2496 1520 2534 ubi
1537 2507 1731 2533 sacrorum
1753 2493 1959 2530 auctoritas
1979 2506 2191 2540 canonum,
2213 2492 2279 2530 ubi
2295 2493 2460 2544 denique

1455 2555 1667 2594 reverentia
1683 2553 1916 2602 majestatis?
1933 2552 2021 2598 Illa,
2038 2553 2102 2589 illa
2122 2565 2208 2602 quae
2230 2553 2326 2590 nulli
2345 2565 2460 2602 nega-
2510 2564 2512 2589 ῑ

378 2626 477 2662 rium
498 2623 718 2673 quempiam
739 2623 779 2658 iu
796 2622 897 2658 hunc
919 2621 1076 2657 modum
1094 2620 1266 2657 decuerit
1282 2619 1388 2656 ordi—
1407 2631 1438 2664 D
1455 2627 1517 2655 tur
1535 2629 1742 2667 oppresso,
1764 2614 1834 2651 soli
1857 2613 1947 2651 mihi
1968 2627 2045 2650 non
2070 2614 2216 2664 profuit
2240 2613 2458 2664 appellatio.
2510 2632 2511 2643 1

1454 2677 1532 2716 Ubi
1554 2676 1734 2713 nimirum
1764 2674 1976 2724 imperabat
2004 2687 2159 2719 aurum,
2180 2673 2381 2723 judicabat
2400 2686 2461 2710 ar-
2508 2710 2510 2715 ,

1455 2747 1610 2789 gentum
1627 2753 1635 2783 ;
1656 2737 1756 2785 leges
1777 2748 2019 2784 canonesque
2039 2733 2224 2780 silebant,
2249 2734 2376 2771 locum
2397 2746 2461 2770 ra-

1457 2799 1507 2835 tio
1523 2806 1561 2834 et
1574 2797 1729 2846 :equitas
1745 2809 1822 2832 non
1840 2794 2046 2832 habebant.
2065 2794 2216 2832 Eisdem
2235 2795 2337 2840 telis,
2355 2791 2459 2844 quod

1455 2856 1733 2895 intolerabilius
1752 2865 1807 2893 051
1818 2885 1827 2902 ,
1850 2869 1975 2892 arcem
1992 2868 2149 2905 quoque
2163 2854 2364 2905 apostolici
2381 2852 2463 2890 cul-

1456 2918 1569 2956 minis
1590 2930 1813 2968 oppugnare
1834 2917 2040 2953 minantur.
2071 2914 2115 2952 ld
2147 2927 2240 2952 vero
2275 2913 2458 2960 ridicule;

1457 2979 1612 3017 fundata
1633 2987 1689 3016 est
1705 2978 1807 3015 enim
1823 2990 1941 3028 supra
1961 2977 2108 3014 firmam
2122 2983 2287 3026 petram.

428 3146 437 3160 ¹
458 3142 553 3171 Joan.
575 3149 621 3175 iv,
643 3140 699 3168 49.
719 3155 764 3160 —
781 3142 792 3158 ²
811 3139 908 3168 Num.
933 3148 1011 3175 xxv,
1037 3140 1054 3168 8
1068 3162 1074 3168 .
1091 3154 1134 3159 ——
1153 3135 1259 3168 315111.
1279 3147 1390 3167 xxvtu
1404 3160 1411 3174 ,
1446 3140 1498 3167 ¹5.

425 3204 439 3221 ³
455 3199 575 3240 Scripta
602 3208 684 3228 anno
710 3197 824 3229 Christi
850 3200 947 3228 1138.

425 3247 440 3268 ¹³
456 3252 547 3284 Falco
573 3251 646 3282 dein
668 3251 782 3281 electus
804 3256 851 3281 est
870 3249 1118 3292 archiepiscopus
1143 3248 1357 3290 Lugdunensis
1371 3272 1379 3287 ‚
1400 3248 1438 3279 de
1463 3249 1550 3290 cujus
1576 3248 1727 3279 electione
1751 3246 1889 3289 epistola:
1913 3247 1969 3277 171
1987 3268 1995 3283 ,
2019 3247 2094 3283 172,
2117 3243 2157 3276 ad
2169 3243 2332 3276 dominum
2345 3250 2459 3286 papam

376 3306 604 3340 Innocentium.
623 3305 672 3336 Ad
694 3305 793 3347 ipsum
819 3305 981 3335 Falconem
999 3304 1129 3346 epistola
1151 3306 1228 3335 173.

423 3366 436 3381 c
452 3360 570 3401 Scripta
588 3370 669 3390 anno
690 3358 802 3391 Chn'sti
823 3361 921 3389 11:38.
941 3377 984 3381 -
1002 3359 1016 3378 ¹¹
1032 3358 1140 3391 Alias,
1165 3365 1303 3391 casuum
1327 3355 1379 3386 sed
1401 3356 1492 3385 male.
