2517 3936
114 214 206 251 1461

644 216 930 254 TRACTATUS
959 219 1024 253 DE
1055 219 1334 256 ERRORIBUS
1365 224 1656 261 ,x13.-xE1..›xssu1.

2091 232 2186 270 tur.)

165 292 227 328 22.
259 291 344 328 Fuit
375 303 465 327 vero
496 292 647 340 sanguis
679 292 746 341 qui
767 292 910 330 effusus
939 302 1012 340 est,
1044 294 1176 331 tam⁶³³⁵
1191 296 1343 333 fitemur
1366 297 1458 334 Adae
1477 309 1693 348 peccatum,
1715 311 1751 339 et
1772 318 1839 353 per
1861 317 2054 356 peccatum
2084 324 2184 347 mor-

110 353 253 389 multus
269 350 316 387 ad
332 351 629 400 ignoscendum,
650 360 690 387 ut
709 351 832 401 ipsum
854 366 1009 402 quoque
1026 367 1115 403 pec-
1133 354 1164 388 A
1187 363 1283 401 tem3
1313 356 1497 393 fateamur
1523 372 1675 396 necesse
1696 370 1769 407 est,
1791 373 1825 399 et
1847 378 1867 401 a
1887 367 2034 404 Clu-isto
2061 369 2169 405 nobis

2177 406 2185 422 7

111 420 235 448 catum
265 411 492 457 maximum,
519 424 596 461 quo
624 411 763 447 factum
789 420 846 447 est
874 420 916 448 ut
937 413 1114 450 effunde—

111 480 236 517 retur,
269 471 434 517 deleret;
467 484 510 508 ac
538 484 608 521 per
635 471 709 507 hoc
742 471 788 508 de
818 472 964 521 antiqui
994 473 1114 518 illius,

108 540 244 582 utpote
269 531 442 578 levioris,
466 531 658 568 deletione
685 531 828 568 nullam
859 532 1018 568 omnino
1046 533 1118 569 du-

109 590 288 628 bietatem
303 591 548 640 relinqueret.
573 589 721 627 Deinde
742 591 830 627 iste:
851 609 865 623 «
888 592 956 628 Cui
979 605 1086 638 vcro,
1103 610 1116 625 υ

109 651 256 701 inquit,
278 668 293 684 α
320 664 400 687 non
431 650 585 687 crudele
611 659 648 687 et
678 650 852 700 iniquum
882 651 1048 697 videtur,
1077 660 1119 688 ut

108 728 123 744 υ
142 710 365 760 sanguinem
380 709 596 747 innocentis
616 710 655 746 in
669 710 837 760 pretium
857 710 1013 760 aliquod
1029 711 1113 760 quis

110 788 125 804 »
144 770 378 820 requisierit,
401 778 466 806 aut
490 770 569 806 ullo
597 769 715 806 modo
736 770 769 806 ei
794 770 980 820 placuerit
1000 770 1115 806 inno-

108 848 123 865 »
145 839 294 868 centem
316 830 500 876 interlici3
521 829 664 867 nedum
690 833 790 867 Deus
821 839 898 867 tam
918 839 1113 881 acceptam

109 909 124 926 u
143 891 228 930 Filii
244 899 406 928 mortem
428 890 605 928 habuerit
617 920 627 937 ,
650 899 692 928 ut
708 905 778 942 per
795 892 915 942 ipsam
931 892 1112 929 universo

108 970 123 986 n
144 952 410 990 reconciliatus
424 952 471 989 sit
488 952 658 989 mundo?
674 956 785 989 »Non
805 953 1002 1003 requisivit
1014 955 1116 990 Deus

107 1016 220 1051 Pater
254 1013 479 1063 sanguinem
514 1012 619 1058 Filii,
653 1013 719 1050 sed
752 1022 878 1051 tamen
905 1014 1116 1064 acceptavit

107 1072 298 1119 oblatum3
328 1085 407 1109 non
432 1073 656 1122 sanguinem
683 1074 828 1120 sitiens,
847 1074 913 1111 sed
936 1074 1112 1120 salutem,

1187 428 1265 451 non
1286 415 1541 462 institutione,
1569 419 1634 454 scd
1664 425 1946 468 regeneratione
1976 429 2183 465 restitutam

1178 473 1385 522 justitiam,
1415 485 1451 512 ct
1480 490 1548 526 per
1566 476 1751 525 justitiam
1773 482 1886 519 vitam
1908 499 1914 520 :
1937 496 1974 520 uc
2001 492 2095 522 sicut
2115 503 2188 536 per

1184 539 1292 569 unius
1313 536 1488 570 (lelictum
1503 541 1541 571 ile
1558 551 1684 573 (nunes
1705 539 1873 576 homiues
1895 547 1932 577 in
1954 548 2183 582 condemna-

1184 596 1342 636 tionem,
1372 598 1425 629 sic·
1461 604 1498 630 et
1522 609 1597 643 pel·
1633 602 1740 633 unias
1764 600 1954 644 justitiam
1991 608 2028 637 in
2064 619 2185 640 omncs

1182 651 1354 688 homiues
1376 656 1732 701 itzjtc.s·lficatiotwm
1754 664 1887 695 Ἱππεῖ.
1918 664 1964 697 Et
1985 662 2014 697 si
2036 663 2085 698 ita
2110 673 2163 700 est
2177 694 2185 706 ,

1184 713 1382 760 quomodo
1401 713 1431 750 is
1454 714 1564 760 dicit,
1582 733 1596 748 «
1617 718 1823 755 Consilium
1845 727 1882 755 et
1901 733 2049 757 eausam
2068 723 2187 759 incar-

1185 789 1199 804 »
1218 773 1382 811 nationis
1404 775 1535 822 fuisse,
1558 785 1600 812 ut
1627 779 1813 816 mundum
1838 781 1920 817 luce
1939 794 2014 818 susc
2033 784 2184 832 sapien-

1188 848 1201 864 »
1221 832 1280 868 tiae
1302 833 1552 880 illuminaret,
1574 845 1611 872 et
1628 837 1674 873 ad
1693 852 1859 876 amorem
1878 854 1987 878 suum
2005 843 2186 880 accende—

1184 908 1197 924 »
1219 901 1288 929 ret.
1314 911 1327 926 »
1350 893 1425 931 Ubi
1449 908 1539 944 ergo
1562 896 1802 947 redemptio?
1824 904 1856 937 A
1873 901 2020 938 Christo
2037 916 2174 952 nempe

1183 960 1225 988 ut
1243 953 1351 990 fateri
1371 954 1561 1004 dignatur,
1583 957 1810 995 illuminatio
1840 968 1875 996 et
1896 963 2118 1010 provocatio
2139 962 2184 998 ad

1183 1024 1350 1049 amorem
1371 1029 1378 1050 :
1399 1014 1610 1065 redemptio
1634 1025 1670 1053 et
1688 1017 1862 1055 liberatio
1883 1033 1903 1055 a
1921 1023 2023 1070 quo?

1237 1073 1298 1110 24.
1323 1077 1411 1110 Esto
1439 1075 1543 1124 quod
1569 1076 1705 1114 Christi
1731 1078 1917 1116 adventus
1940 1081 2012 1117 illis
2039 1082 2181 1131 prosit,

106 1132 197 1183 quia
209 1132 310 1170 salus
326 1141 408 1170 erat
426 1132 465 1169 in
486 1133 681 1182 sanguine.
701 1135 807 1172 Salus
824 1135 949 1184 plane,
962 1142 999 1171 et
1019 1147 1112 1181 non,
1138 1134 1166 1168 Β
1187 1133 1252 1182 qui
1280 1147 1318 1170 se
1347 1135 1400 1171 illi
1430 1146 1590 1184 possunt
1617 1138 1855 1176 conformare
1887 1154 1954 1190 per
1982 1141 2117 1187 vitam,
2149 1150 2185 1176 ‹·t

106 1192 204 1229 sicut
224 1191 295 1228 iste
311 1191 410 1243 sapit
425 1200 462 1228 et
477 1191 621 1238 scribit,
635 1194 716 1230 sola
729 1194 921 1231 charitatis
934 1194 1112 1231 ostensio.

107 1251 167 1289 Sic
194 1251 297 1288 enim
326 1251 523 1288 concludit
555 1260 611 1288 tot
640 1253 850 1290 calumnias
878 1262 915 1290 et
935 1254 1118 1290 invectio-

106 1324 174 1348 nes
207 1324 311 1357 suas,
351 1324 446 1360 quas
482 1312 520 1347 in
557 1315 681 1349 Deum
720 1321 796 1349 tam
834 1313 968 1364 impie,
1002 1327 1116 1362 quam

105 1370 282 1421 imperite
302 1371 496 1418 evomuit,
518 1380 562 1408 ut
579 1371 678 1409 dicat
697 1388 704 1410 ε
724 1390 738 1405 «
755 1377 895 1411 Totum
913 1387 994 1411 esse
1012 1374 1117 1423 quod

107 1447 122 1464 υ
142 1434 246 1468 Deus
270 1431 309 1467 in
329 1445 442 1468 carne
469 1433 668 1482 apparuit,
686 1443 855 1471 nostram
873 1435 920 1471 de
939 1434 1059 1471 verbo
1080 1443 1117 1471 et

106 1510 121 1525 »
141 1492 319 1542 exemplo
332 1492 450 1542 ipsius
472 1493 765 1541 institutionem,
779 1496 869 1542 sive,
882 1504 923 1532 ut
939 1505 1113 1546 postmo-

106 1570 121 1584 »
143 1551 235 1589 dum
257 1552 367 1598 dicit,
386 1553 700 1601 instructionem3
717 1563 838 1592 totum
860 1556 964 1606 quod
982 1569 1116 1606 passus

107 1630 121 1645 »s
142 1620 181 1648 et
197 1620 376 1649 mortuus
396 1621 473 1660 est,
495 1626 572 1650 suae
592 1627 681 1663 erga
696 1628 765 1652 nos
782 1616 974 1653 charitatis
992 1625 1118 1653 osten-

109 1689 124 1705 »
144 1671 290 1709 sionem
309 1672 368 1709 vel
385 1673 760 1711 commendationem
774 1676 807 1712 *.

489 1800 668 1840 CAPUT
698 1802 769 1840 IX.

1188 1193 1308 1230 vicem
1330 1194 1363 1230 ei
1381 1195 1592 1233 dilectionis
1614 1198 1844 1247 rependere:
1865 1200 1956 1249 quid
1977 1201 2022 1237 de
2042 1214 2184 1250 parvu-

1186 1252 1257 1290 lis?
1279 1268 1392 1303 quam
1413 1255 1516 1291 dabit
1537 1257 1657 1293 lucem
1679 1258 1870 1308 sapientiae
1891 1260 1954 1296 vix
1979 1261 2100 1296 adhuc
2117 1274 2180 1296 ca-

1184 1314 1381 1364 ptantibus
1411 1316 1532 1358 lucem
1552 1318 1663 1354 vitae?
1693 1319 1793 1355 unde
1814 1320 2019 1357 accendet³
2047 1320 2093 1356 ad
2112 1320 2180 1357 Dei

1185 1387 1373 1421 amorem,
1403 1376 1468 1425 qui
1498 1377 1659 1414 necdum
1690 1387 1827 1416 matres
1853 1393 1938 1416 suas
1959 1393 2083 1416 amare
2108 1393 2179 1416 no-

1183 1438 1344 1472 verunt?
1365 1437 1514 1473 Nihilne
1538 1439 1709 1487 proderit
1733 1440 1785 1477 eis
1813 1440 1999 1477 adventus
2023 1440 2183 1477 Christi?

1185 1495 1276 1532 nihil
1294 1497 1396 1545 quod
1422 1499 1669 1548 complantati
1685 1509 1773 1536 sunt
1793 1500 2031 1537 similitudini
2052 1499 2184 1536 mortis

1186 1554 1268 1604 ejus
1299 1570 1367 1606 per
1400 1559 1653 1607 Baptismum,
1685 1561 1865 1609 quoniam
1898 1560 2066 1596 nondum
2094 1573 2186 1609 pos-

1185 1625 1292 1661 sunt,
1331 1617 1557 1666 prohibente
1589 1628 1716 1664 aetate‚
1749 1620 1935 1657 Christum
1963 1633 2093 1669 sapere
2123 1628 2185 1656 aut

1186 1679 1340 1713 amare?
1361 1694 1374 1709 <‹
1395 1678 1620 1728 Redemptio
1651 1680 1792 1729 itaque,
1811 1698 1824 1713 n
1841 1681 1908 1726 ait,
1926 1698 1940 1712 (ι
1962 1688 2090 1716 nostra
2108 1688 2182 1723 est,

1187 1737 1285 1772 »illa
1317 1750 1463 1774 summa
1491 1739 1529 1774 in
1567 1739 1677 1776 nobis
1707 1753 1776 1789 per
1807 1740 1942 1777 Christi
1974 1740 2184 1789 passionem

1189 1815 1202 1829 υ
1223 1797 1387 1834 dilectio.
1415 1816 1429 1831 »
1456 1802 1555 1848 Ergo
1583 1800 1734 1849 parvuli
1761 1813 1836 1836 uon
1866 1800 2005 1836 hahent
2034 1800 2186 1836 redem-

1188 1858 1379 1907 ptionem,
1408 1858 1496 1908 quia
1523 1872 1601 1895 non
1626 1859 1768 1895 habent
1797 1873 1980 1896 summam
2008 1860 2108 1896 illam
2130 1859 2189 1895 di—

107 1922 272 1955 Christum
301 1923 427 1955 venisse
450 1924 482 1954 in
502 1924 673 1963 mundum,
700 1936 763 1956 non
792 1926 886 1957 solius
910 1926 1123 1958 instructionis
1144 1922 1169 1956 C
1190 1918 1406 1955 lectionem.
1435 1923 1492 1956 An
1514 1919 1610 1955 sicut
1632 1933 1708 1956 non
1736 1918 1878 1956 habent
1900 1919 2001 1956 unde
2015 1919 2188 1967 diligant,

306 1984 440 2016 nostrae,
466 1978 522 2010 sed
544 1985 575 2011 et
596 1980 790 2012 liberationis
806 1991 911 2012 causa.

159 2099 223 2135 23.
254 2101 442 2137 Caeterum
471 2099 562 2149 quid
593 2099 753 2150 prodest
780 2099 885 2149 quod
906 2112 977 2137 nos
1005 2100 1117 2136 insti—

107 2159 198 2205 tuit,
230 2159 262 2196 si
300 2173 379 2196 non
419 2160 611 2197 restituit?
647 2165 724 2198 Aut
756 2160 944 2210 numquid
980 2161 1118 2197 frustra

105 2219 346 2266 instruimur,
374 2220 405 2257 si
436 2233 514 2257 non
548 2220 655 2270 prius
688 2220 908 2258 destruatur
938 2221 977 2257 in
1006 2220 1118 2258 nobis

105 2293 248 2330 corpus
269 2281 434 2330 peccati,
458 2289 500 2318 ut
533 2281 634 2318 ultra
669 2295 748 2318 non
779 2282 990 2318 serviamus
1022 2295 1117 2332 pec-

106 2342 218 2378 cato?
247 2341 284 2378 Si
309 2353 423 2377 omne
451 2340 556 2390 quod
577 2341 723 2392 profuit
752 2341 942 2387 Christus,
970 2340 1009 2377 in
1038 2341 1117 2378 sola

105 2401 178 2438 fuit
193 2401 411 2438 ostensione
424 2401 632 2448 virtutum;
651 2410 767 2438 restat
781 2409 824 2438 ut
837 2400 996 2447 dicatur,
1009 2401 1115 2450 quod

105 2461 229 2499 Adam
255 2474 411 2511 quoque
439 2474 485 2498 ex
515 2462 594 2499 sola
622 2462 769 2512 peccati
796 2461 1015 2498 ostensione
1044 2475 1115 2498 no—

106 2521 253 2559 cuerit:
279 2521 466 2571 siquidem
495 2535 567 2572 pro
595 2522 776 2572 qualitate
805 2521 977 2558 vulneris
1004 2522 1116 2558 allata

106 2590 164 2619 est
184 2582 386 2618 medicina.
410 2583 515 2618 Sicut
540 2583 641 2619 enim
671 2587 708 2618 iu
735 2584 860 2618 Adam
892 2596 1018 2618 omnes
1039 2597 1117 2618 mo-

107 2646 267 2686 riuntur,
291 2645 343 2677 ila
366 2650 402 2677 et
419 2646 458 2678 in
483 2643 628 2678 Christo
649 2656 776 2678 onmes
791 2641 1115 2688 vivficczbeemm·¹.

1186 1977 1238 2013 ita
1259 1990 1328 2014 nee
1355 1977 1458 2014 unde
1486 1986 1661 2028 pereant,
1683 1987 1724 2015 ut
1742 1992 1819 2016 non
1841 1979 1887 2016 sit
1908 1979 1960 2015 eis
1983 1978 2022 2014 in
2044 1978 2190 2015 Christo

1186 2038 1400 2074 necessaria
1417 2039 1668 2087 regeneratio,
1688 2047 1822 2088 utpote
1843 2038 1980 2088 quibus
2001 2038 2191 2087 generatio

1186 2110 1234 2133 ex
1253 2096 1374 2134 Adam
1395 2097 1487 2133 nihil
1506 2098 1708 2134 nocuerit?
1729 2098 1765 2135 Si
1790 2098 1862 2134 hoc
1879 2099 1995 2147 sapit,
2016 2112 2098 2134 cum
2121 2101 2191 2134 Pe-

1185 2157 1283 2206 lagio
1320 2156 1471 2206 desipit.
1505 2157 1701 2207 Quidquid
1733 2158 1869 2194 horum
1899 2158 2055 2203 sentiat,
2087 2166 2190 2207 patet

1186 2225 1374 2266 quantum
1403 2217 1580 2254 humanae
1602 2226 1836 2254 sacramento
1857 2217 1984 2254 salutis
2002 2217 2186 2262 invideat3

1184 2285 1391 2327 quantum,
1407 2277 1512 2326 quod
1532 2278 1570 2313 in
1588 2278 1671 2327 ipso
1693 2286 1769 2324 est,
1787 2286 1940 2314 evacuet
1957 2277 2021 2313 alti
2038 2276 2187 2326 dispen-

1185 2336 1371 2372 sationem
1398 2337 1587 2386 mysterii,
1613 2337 1677 2386 qui
1700 2345 1820 2373 totum
1852 2336 1898 2372 de
1917 2336 2035 2372 salute
2055 2335 2186 2371 tribuit

1185 2395 1401 2442 devotioni,
1423 2396 1702 2446 regenerationi
1724 2396 1815 2432 nihil
1836 2411 1842 2432 :
1865 2395 1928 2444 qui
1946 2403 2084 2431 nostrae
2104 2395 2185 2443 glo-

1182 2457 1280 2493 riam
1315 2456 1614 2507 redemptionis,
1645 2465 1683 2492 et
1717 2468 1899 2492 summam
1929 2454 2074 2500 salutis,
2107 2467 2185 2490 non

1184 2517 1223 2553 in
1246 2517 1388 2553 virtute
1418 2516 1561 2563 crucis,
1581 2529 1657 2552 non
1677 2516 1713 2551 in
1739 2515 1860 2564 pretio
1881 2514 2088 2563 sanguiniS,
2120 2513 2185 2555 sed

1186 2577 1225 2613 in
1248 2585 1388 2613 nostrae
1409 2577 1604 2613 constituit
1626 2574 1923 2611 conversationis
1938 2572 2184 2623 profectibus.

1185 2637 1278 2675 Mihi
1300 2645 1426 2673 autem
1446 2636 1542 2674 absit
1562 2636 1733 2686 gloriari,
1758 2635 1827 2670 nisi
1847 2635 1885 2670 in
1903 2647 2014 2670 eruce
2029 2633 2185 2670 Domini

105 2705 207 2752 Ergo
235 2702 333 2738 sicut
352 2701 445 2748 hoc,
467 2703 519 2738 ita
539 2710 576 2738 ct
601 2702 708 2739 illud.
739 2703 776 2740 Si
795 2704 895 2747 vita,
915 2715 1029 2752 quam
1053 2702 1118 2739 dat
1136 2706 1167 2740 D
1188 2697 1309 2733 nostri
1338 2700 1426 2733 JCSU
1454 2696 1590 2733 Christi
1606 2696 1633 2740 ³2
1668 2695 1705 2730 in
1733 2706 1806 2742 (1υἷι
1826 2701 1881 2729 est
1900 2693 2019 2737 salus,
2044 2692 2118 2728 Vita
2147 2700 2183 2728 *εἰ

105 2762 296 2806 Christus,
326 2775 405 2798 non
441 2770 497 2798 est
524 2762 616 2808 alia,
645 2775 760 2812 quam
792 2762 984 2798 institutio
1013 2761 1117 2811 ejus3

106 2835 177 2859 nec
205 2834 310 2858 mors
334 2821 487 2871 utique,
515 2834 630 2870 quam
660 2821 765 2858 dedit
792 2821 934 2868 Adam,
952 2822 1024 2859 alia
1045 2823 1119 2859 erit

106 2882 280 2920 similiter
310 2895 426 2931 quam
457 2882 646 2918 institutio
675 2880 757 2930 ejus
779 2897 787 2918 ε
810 2890 852 2918 ut
878 2882 941 2918 ille
962 2881 1116 2931 quidem

105 2943 153 2981 ad
178 2950 379 2993 peccatum
407 2942 586 2993 exemplo
622 2955 706 2988 suo,
727 2942 788 2978 hic
816 2955 909 2978 vero
938 2943 1115 2991 exemplo

105 3011 144 3039 et
153 3001 273 3039 verbo
287 3000 335 3038 ad
349 3000 446 3038 bene
463 3001 684 3047 vivendum,
699 3009 736 3037 et
751 3014 789 3038 se
807 3000 1040 3050 diligendum
1055 3001 1120 3036 ho·-

105 3062 228 3099 mines
247 3061 511 3098 informarent.
542 3065 619 3098 Aut
645 3061 676 3097 si
705 3061 918 3097 christianae
948 3061 1053 3105 fidei,
1083 3068 1121 3096 et

108 3136 187 3159 non
214 3120 350 3158 haeresi
379 3121 591 3171 Pelagianae
621 3121 928 3170 acquiescenteS,
955 3134 1117 3170 genera—

109 3183 233 3228 tione,
257 3194 335 3218 non
361 3181 601 3218 institutione
624 3180 837 3218 traductum
859 3181 896 3218 in
929 3194 998 3218 nos
1026 3193 1116 3216 eon—

157 3323 166 3338 ¹
184 3314 285 3348 l‘Cor.
303 3326 364 3353 κν,
387 3318 442 3346 22.
465 3333 506 3337 —-
524 3321 535 3336 ²
555 3318 648 3347 Rom.
668 3328 699 3353 V,
727 3319 778 3346 18.
802 3334 842 3337 ψ-
861 3313 875 3336 3
897 3314 1000 3345 Galat.
1020 3324 1049 3342 vi
1065 3336 1071 3347 ,
1096 3314 1147 3341 14.

155 3379 167 3393 ³
180 3375 269 3407 Alias
284 3400 292 3414 ‚
321 3373 502 3406 ascendent.

1186 2757 1414 2794 resurrectio
1435 2764 1577 2792 nostra.

1241 2818 1301 2854 25.
1333 2819 1378 2853 Et
1403 2815 1555 2865 quidem
1574 2814 1642 2850 tria
1660 2812 1829 2862 quaedam
1848 2811 2040 2861 praecipua
2056 2810 2094 2846 in
2113 2810 2185 2846 hoc

1185 2890 1303 2927 opere
1325 2884 1463 2912 nostrae
1493 2874 1621 2910 salutis
1642 2873 1818 2908 intueor:
1843 2871 2003 2908 sormam
2030 2869 2183 2906 humili-

1186 2938 1284 2982 tatis,
1305 2937 1342 2972 iu
1372 2948 1445 2984 qua
1464 2938 1566 2971 Deus
1587 2933 1828 2981 semetipsum
1851 2930 2079 2975 exinanivit,
2097 2929 2184 2964 cha-

1187 2998 1306 3034 ritatis
1335 3007 1570 3038 mensuram,
1593 3006 1705 3042 quam
1727 3005 1847 3040 usque
1876 2991 1922 3027 ad
1947 2998 2125 3034 mortem,
2147 2997 2182 3024 et

1188 3065 1349 3094 mortem
1389 3053 1510 3090 erucis
1537 3052 1727 3098 extendit3
1756 3050 2026 3100 redemptionis
2057 3060 2180 3084 sacra—

1187 3124 1375 3160 mentum,
1403 3126 1481 3162 quo
1508 3113 1627 3163 ipsam
1658 3120 1839 3157 mortem,
1866 3123 1976 3159 quam
2005 3107 2177 3157 pertulit,

1185 3173 1347 3212 sustulit.
1383 3175 1529 3209 Horum
1568 3171 1643 3207 (luo
1684 3170 1812 3220 priora
1846 3169 1924 3204 sinc
1966 3166 2098 3202 ultimo
2130 3164 2180 3199 sic
