2517 3920
328 244 423 280 1:315

653 384 829 423 CAPL'T
860 382 1014 422 XVIII.

368 507 416 535 De
429 513 512 535 nono
526 501 622 545 gradu
637 500 788 544 superbiae
803 524 809 538 ,
829 500 881 541 qui
895 506 940 530 est
956 498 1098 530 simulata
1115 497 1268 529 confessio
1279 502 1305 527 ἃ.

391 627 452 662 46.
471 625 578 663 Licet
598 637 690 661 vcro
711 636 851 673 genera
870 622 949 658 haec
971 620 1225 657 excusationis
1242 627 1343 655 eate-

338 699 410 723 nus
431 687 530 722 mala
549 684 795 733 judicentur,
817 691 1005 732 quatenus
1027 694 1093 717 ore
1118 679 1344 730 prophetico

338 745 456 782 verba
474 749 633 781 malitiae
653 743 938 793 appellantur13
957 741 1078 777 multo
1098 748 1223 776 tamen
1244 738 1347 788 peri-

342 807 509 843 culosior
531 814 587 842 est
614 805 729 841 fallax
748 817 791 839 ac
811 801 977 852 superba
999 799 1186 837 confessio
1200 828 1208 844 ‚
1231 812 1345 848 quam

342 863 549 916 pervicaxb
570 873 607 901 et
627 863 817 900 obstinata
837 861 1019 898 defensio.
1044 859 1227 897 Nonnulli
1246 858 1348 894 enim

342 941 428 964 cum
451 927 496 963 de
517 924 774 976 apertioribus
799 931 1031 972 arguuntur,
1061 920 1222 957 seientes
1244 918 1349 968 quod

340 988 371 1023 si
391 1000 429 1023 se
446 985 716 1029 defenderent,
733 983 803 1020 sibi
822 995 900 1019 non
915 980 1157 1026 crederetur3
1174 978 1350 1016 subtilius

340 1047 543 1084 inveniunt
571 1052 838 1094 argumentum
864 1041 1117 1086 defensionis,
1148 1039 1266 1077 verba
1287 1052 1349 1076 re-

1091 240 1124 275 S.
1158 239 1414 275 BERNARDI
1443 233 1648 274 ABBATIS

1342 314 1370 332 57

2310 235 2409 274 1316

1379 313 1596 351 ⁷veraciter
1630 313 1822 363 poenitet,
1861 312 2033 350 laborem
2069 314 2306 364 poenitentiae
2337 328 2416 353 non

1357 382 1388 413 A
1409 373 1592 411 abhorret
1616 389 1623 410 :
1647 373 1712 411 sed
1739 373 1928 423 quidquid
1960 373 2031 410 sibi
2060 387 2131 424 pro
2161 374 2274 424 culpa
2301 368 2435 424 quam'

1407 433 1489 470 odit
1505 432 1732 483 injungitur,
1754 434 1864 470 tacita
1881 434 2114 470 conscientia
2132 433 2323 483 patienter
2339 447 2418 471 am-

1410 494 1600 543 plectitur.
1632 497 1676 530 In
1704 494 1787 543 ipsa
1806 506 1961 543 quoque
1990 492 2208 530 obedientia
2237 493 2343 530 duris
2375 507 2419 531 ac

1411 554 1610 591 contrariis
1639 553 1754 590 rebus
1783 552 1948 600 obortis,
1980 552 2215 603 quibuslibet
2244 553 2420 604 irrogatis

1411 612 1562 662 injuriis
1591 614 1780 651 sustinens
1805 627 1884 650 non
1917 613 2113 660 lassescit,
2143 621 2187 650 ut
2215 613 2257 650 in
2282 622 2419 663 quarto

1413 673 1533 723 gradu
1563 687 1602 711 se
1632 682 1731 711 stare
1762 673 1906 710 indicet
1933 673 2168 710 humilitatis.
2189 672 2307 722 Cujus
2327 686 2420 711 vero

1415 733 1589 770 simulata
1605 733 1793 771 confessio
1813 742 1888 779 est,
1906 746 1983 770 una
1998 733 2059 770 vel
2077 733 2152 770 levi
2168 733 2418 779 contumelia,

1415 802 1481 829 aut
1500 794 1637 844 exigua
1650 808 1762 844 poena
1778 795 2035 844 interrogatus
2047 822 2057 840 ,
2074 793 2154 844 jam
2171 793 2422 831 humilitatem

1415 853 1619 900 simulare,
1649 853 1729 903 jam
1760 855 2042 903 simulationem
2074 855 2312 892 dissimulare
2343 867 2422 891 non

1416 920 1557 962 potest.
1586 917 1824 960 Murmurat,
1855 914 2032 960 frendet,
2061 914 2257 961 irascitur3
2281 926 2353 950 nec
2382 914 2421 950 in

1417 982 1554 1022 quarto
1585 982 1684 1011 stare
1707 975 1950 1022 humilitatis,
1971 975 2038 1012 sed
2055 975 2095 1012 in
2116 988 2263 1012 nonum
2285 987 2423 1024 super-

1416 1032 1489 1070 biae
1509 1034 1669 1083 gradum
1693 1035 1880 1073 corruisse
1897 1034 2104 1086 probatur,
2127 1035 2194 1085 qui
2212 1035 2422 1073 secundum

339 1106 572 1158 spondentes
593 1106 734 1142 dolosae
754 1102 1016 1140 consessionis.
1035 1103 1105 1137 Est
1125 1105 1284 1150 quippe,
1307 1107 1349 1136 ut
1368 1098 1396 1133 B
1416 1094 1521 1144 quod
1548 1095 1760 1146 descriptus
1786 1104 1863 1143 est,
1896 1104 1998 1134 recte
2029 1096 2206 1134 simulata
2238 1095 2424 1133 confessio

340 1167 523 1217 scriptum
545 1174 621 1211 est,
643 1169 709 1214 qui
727 1168 897 1213 nequiter
917 1164 1095 1198 humiliat
1112 1175 1173 1206 se,
1197 1169 1234 1197 et
1252 1164 1349 1196 inte-

339 1232 441 1265 riom
460 1232 540 1274 esus
552 1229 673 1275 plena
693 1234 780 1261 sunt
806 1226 925 1260 (lol02.
950 1223 1089 1261 Vultus
1110 1221 1322 1258 demittitur
1337 1249 1346 1266 ‚

340 1289 598 1340 prosternitur
627 1298 768 1336 corpus
799 1300 806 1322 ε
841 1284 986 1333 aliquas
1022 1282 1093 1319 sibi
1122 1281 1350 1331 lacrymulas

341 1357 591 1398 extorquent,
614 1348 644 1384 si
664 1354 845 1397 possunt3
867 1358 1001 1382 vocem
1021 1342 1214 1393 suspiriis,
1234 1341 1352 1379 verba

342 1410 544 1461 gemitibus
576 1409 877 1457 interrumpunt.
908 1409 985 1443 Nec
1010 1405 1134 1441 solum
1160 1403 1225 1453 qui
1246 1403 1349 1453 ejus-

343 1471 447 1507 modi
463 1479 519 1507 est
533 1499 541 1515 ,
559 1468 708 1518 objecta
723 1480 800 1504 non
818 1474 996 1512 excusat,
1018 1464 1083 1501 sed
1099 1464 1179 1514 ipse
1196 1477 1351 1514 quoque

343 1532 494 1581 culpam
513 1537 716 1579 exaggerat
737 1543 743 1565 :
764 1536 806 1564 ut
827 1527 917 1564 dum
936 1525 1171 1576 impossibile
1187 1524 1350 1574 aliquid,

343 1598 407 1628 aut
435 1589 658 1627 incredibile
688 1588 810 1637 culpae
833 1600 909 1623 suae
938 1599 1004 1622 ore
1032 1585 1151 1635 ipsius
1178 1584 1350 1620 additum

342 1650 469 1696 audis,
491 1650 603 1686 etiam
627 1647 744 1692 illud,
776 1646 882 1696 quod
912 1654 1035 1682 ratum
1057 1644 1242 1695 putabas,
1275 1644 1352 1680 dis-

341 1710 497 1748 credere
523 1710 665 1760 possis3
688 1718 725 1745 et
753 1721 801 1744 ex
820 1721 866 1743 eo
887 1706 992 1756 quod
1015 1707 1148 1742 falsum
1170 1718 1250 1742 esse
1271 1718 1349 1741 non

341 1771 491 1808 dubitas
507 1770 599 1806 dum
613 1770 837 1813 confitetur,
861 1768 901 1804 in
922 1766 1081 1803 dubium
1103 1765 1230 1801 veniat
1244 1765 1349 1814 quod

341 1831 448 1881 quasi
464 1839 610 1867 certum
626 1828 838 1866 tenebatur.
849 1831 1028 1876 Dumque
1041 1826 1231 1862 affirmant
1244 1825 1349 1874 quod

340 1891 443 1929 credi
466 1891 625 1937 nolunt,
648 1888 868 1926 confitendo
886 1887 1035 1936 culpam
1059 1884 1292 1929 defendunt,
1313 1892 1350 1920 ct
1369 1884 1395 1919 C

342 1951 551 2002 aperiendo
582 1958 732 2000 tegunt,
760 1947 915 1999 quando
942 1956 979 1984 et
1002 1945 1189 1983 confessio
1215 1944 1350 1981 lauda—

344 2012 470 2049 biliter
499 2019 610 2048 sonat
636 2011 674 2046 in
697 2023 781 2055 ore,
815 2017 853 2045 et
875 2008 996 2045 adhuc
1017 2006 1198 2056 iniquitas
1218 2006 1347 2041 occul-

342 2081 444 2110 tatur
464 2072 502 2108 in
527 2071 642 2108 corde
662 2086 669 2108 ι
691 2078 881 2120 quatenus
900 2068 1017 2117 magis
1041 2080 1087 2103 ex
1108 2066 1323 2102 humilitate
1339 2094 1348 2110 ,

340 2146 455 2182 quam
467 2145 514 2168 ex
527 2131 684 2168 veritate
699 2129 871 2166 confiteri
885 2136 994 2179 putet
1005 2127 1071 2177 qui
1083 2125 1203 2169 audit,
1218 2133 1352 2175 aptans

341 2194 394 2230 eis
410 2192 505 2229 illud
525 2192 730 2242 Scripturae
745 2219 753 2235 ,
770 2192 896 2225 Iustus
909 2191 1152 2236 inprincipio
1169 2190 1353 2222 sermonis

341 2262 537 2290 accusator
551 2261 605 2288 est
622 2256 680 2287 sai
694 2249 720 2287 3.
750 2250 900 2288 Malunt
925 2248 1027 2284 enim
1054 2245 1157 2297 apud
1178 2246 1352 2282 homines

339 2314 499 2350 veritate
518 2311 745 2363 periclitari,
763 2323 876 2360 quam
892 2308 1105 2345 humilitate
1118 2336 1127 2352 ‚
1144 2319 1230 2343 cum
1249 2305 1352 2355 apud

340 2379 464 2412 Deum
484 2372 749 2423 periclitentur
769 2370 963 2418 utrinque.
982 2372 1058 2404 Aut
1075 2367 1105 2403 si
1121 2366 1217 2403 adeo
1239 2366 1352 2416 culpa

343 2433 542 2470 manifesta
567 2431 636 2477 sit,
658 2430 762 2480 quod
790 2429 896 2466 nulla
916 2427 1070 2478 penitus
1089 2426 1255 2463 versutia
1277 2427 1351 2475 tegi

342 2493 462 2544 possit
480 2507 489 2538 3
533 2490 782 2527 nihilominus
819 2497 944 2526 tamen
981 2500 1115 2524 vocem
1131 2515 1141 2532 ,
1178 2499 1255 2522 non
1285 2499 1352 2522 cor

342 2551 562 2602 poenitentis
583 2557 802 2594 assumunt,
827 2561 903 2597 qua
922 2555 1075 2591 notam,
1099 2558 1177 2582 non
1198 2545 1351 2595 culpam

343 2613 516 2658 deleant,
539 2611 629 2648 dum
645 2609 899 2660 ignorantiam
918 2606 1125 2644 manifestae
1146 2614 1353 2654 transgres-

344 2672 483 2718 sionis,
519 2671 656 2708 decore
686 2674 982 2718 recompensant
1011 2664 1174 2716 publicae
1199 2665 1403 2705 confes-D
1421 2676 1666 2718 contemptus
1696 2667 1856 2704 fratrum
1875 2696 1886 2713 ,
1914 2667 1953 2706 in
1983 2675 2152 2717 quatuor
2179 2666 2349 2717 sequent'

343 2746 471 2770 sionis.

398 2794 458 2830 127.
481 2793 657 2831 Gloriosa
677 2804 736 2828 res
758 2790 973 2835 humilitas,
996 2801 1072 2837 qua
1092 2787 1173 2838 ipsa
1196 2800 1351 2836 quoque

347 2852 524 2901 superbia
548 2852 705 2902 palliare
735 2864 774 2888 se
802 2850 967 2901 appetit,
1000 2861 1049 2885 ne
1069 2848 1243 2884 vilescat!
1277 2847 1351 2885 Sed

347 2913 427 2948 liaec
462 2912 536 2948 cito
570 2912 831 2961 tergiversatio
860 2925 880 2948 a
904 2910 1063 2960 praelato
1092 2907 1350 2958 deprehendi—

349 2980 424 3016 tur,
439 2971 468 3007 si
488 2971 535 3007 ad
554 2971 651 3007 hanc
668 2971 871 3021 superbam
893 2969 1144 3006 humilitatem
1163 2981 1240 3004 non
1260 2968 1350 3005 levi-

348 3041 405 3068 ter
422 3030 586 3067 ssectitur
599 3058 607 3074 ,
625 3043 702 3078 quo
719 3030 836 3078 magis
858 3029 1069 3066 dissimulet
1090 3028 1241 3077 culpam
1259 3056 1268 3074 ,
1289 3028 1348 3064 vel

347 3092 498 3129 differat
527 3102 692 3139 poenam.
717 3093 810 3125 Vasa
842 3089 944 3137 figuli
966 3087 1104 3138 probat
1127 3088 1282 3133 fornax,
1314 3097 1352 3125 et

347 3149 544 3189 tribulatio
562 3161 652 3184 vere
672 3147 899 3196 pernitentes
921 3146 1113 3183 discernit.
1148 3147 1223 3194 Qui
1249 3147 1351 3183 enim

396 3298 405 3312 ¹
424 3290 504 3322 Psal.
519 3299 581 3319 cxx,
594 3311 602 3324 ‚
626 3289 657 3317 4.
671 3302 715 3308 -—-
732 3291 743 3306 ²
762 3284 856 3315 Eccli.
876 3296 934 3314 mx
947 3308 954 3321 ‚
977 3288 1031 3316 23,
1047 3304 1090 3308 .-.
1107 3283 1120 3306 3
1140 3289 1231 3318 pl-Ov·
1250 3299 1355 3326 XVIII,
1380 3291 1433 3320 17·

389 3354 402 3367 ³¹
420 3349 502 3381 Huic
519 3346 688 3390 opponitur
703 3350 832 3386 quartus
848 3343 960 3385 gradus
974 3343 1173 3383 humilitatis,
1196 3349 1256 3377 Pro
1273 3347 1450 3380 obedientia
1470 3349 1503 3379 in
1519 3349 1604 3380 duris
1619 3347 1801 3391 patientiam
1818 3348 1976 3390 amplecti.
1991 3364 2038 3372 —

420 3402 500 3434 Huic
517 3399 685 3443 opponitur
704 3397 813 3429 tertius
830 3396 940 3438 gradus
958 3396 1142 3427 humilitatis
1154 3421 1161 3435 ,
1179 3400 1238 3429 Pro
1257 3409 1361 3430 amore
1378 3402 1433 3431 Dei
1451 3414 1481 3433 sc
1497 3402 1631 3434 libenter
1646 3402 1779 3433 subdere
1793 3402 1913 3443 majori.

1415 1155 1599 1205 appellari
1619 1164 1757 1206 potest.
1778 1159 1929 1205 Quanta
1944 1164 2055 1207 putas
2075 1164 2167 1194 tunc
2186 1156 2362 1193 confusio
2378 1156 2425 1193 sit

1415 1213 1455 1251 in
1487 1214 1602 1251 corde
1634 1214 1814 1265 superbi,
1845 1229 1932 1252 cum
1966 1216 2070 1252 fraus
2105 1214 2320 1266 decipitur,
2348 1227 2425 1265 pax

1417 1275 1622 1323 amittitur,
1650 1276 1732 1313 laus
1760 1277 1968 1324 minuitur,
1996 1289 2067 1313 nec
2094 1277 2207 1328 culpa
2239 1276 2425 1314 diluitur?

1418 1336 1585 1373 Tandem
1623 1345 1781 1374 notatur
1815 1337 1862 1374 ab
1903 1337 2083 1375 omnibus
2104 1367 2114 1385 ‚
2143 1337 2342 1387 judicatur
2377 1336 2424 1374 ab

1419 1396 1625 1434 omnibus:
1646 1410 1770 1447 eoque
1790 1398 2055 1435 vehementius
2071 1411 2205 1435 omnes
2219 1396 2425 1446 indignan-

1420 1465 1504 1501 tur,
1531 1470 1608 1506 quo
1642 1458 1778 1495 falsum
1813 1458 2055 1509 conspiciunt
2081 1457 2271 1508 quidquid
2303 1457 2350 1494 de
2377 1470 2424 1494 eo

1419 1517 1526 1567 prius
1551 1517 1822 1567 opinabantur.
1843 1521 1950 1556 Tunc
1978 1531 2076 1569 opus
2096 1526 2153 1555 est
2176 1518 2358 1568 praelato,
2383 1525 2428 1554 ut

1420 1591 1465 1613 co
1499 1577 1625 1615 minus
1658 1578 1713 1615 illi
1756 1579 1992 1629 parcendum
2034 1587 2169 1630 putet,
2198 1592 2278 1630 quo
2309 1578 2427 1628 magis

1420 1652 1553 1676 omnes
1574 1639 1812 1686 offenderet,
1838 1640 1869 1676 si
1891 1640 1958 1677 uni
1983 1648 2170 1690 parceret.

1762 1767 1940 1809 CAPUT
1969 1768 2086 1808 XIX.

1519 1890 1567 1918 De
1580 1886 1701 1917 decimo
1714 1885 1812 1928 gradu
1828 1884 1982 1928 superbiae
1993 1908 2002 1923 ‚
2024 1885 2078 1926 qui
2097 1890 2143 1916 est
2157 1883 2287 1917 rebellio
2296 1890 2322 1916 c.

1472 2007 1534 2043 48.
1558 2006 1627 2044 Hic
1645 2006 1718 2043 nisi
1733 2019 1820 2043 eum
1843 2005 2035 2043 miseratio
2052 2018 2220 2056 superna
2239 2004 2425 2055 respiciat,

1419 2075 1460 2102 ut
1488 2066 1498 2116 ζ
1511 2066 1616 2115 quod
1637 2065 1747 2103 valde
1768 2065 1923 2102 difficile
1949 2064 2088 2102 talibus
2109 2063 2191 2114 est)
2220 2064 2424 2101 universo-

1419 2140 1504 2163 rum
1521 2126 1675 2176 judiciis
1698 2126 1833 2163 tacitus
1861 2125 2094 2176 acquiescat3
2122 2125 2318 2162 frontosus
2337 2138 2425 2161 mox

1419 2195 1457 2223 et
1477 2185 1684 2236 impudens
1702 2187 1841 2232 factus,
1864 2195 1971 2224 tanto
1992 2185 2179 2232 deterius,
2199 2193 2343 2235 quanto
2363 2185 2425 2222 de-

1419 2247 1607 2297 speratius
1629 2247 1668 2283 in
1694 2246 1883 2284 decimum
1906 2246 2066 2296 gradum
2087 2258 2158 2297 per
2177 2244 2423 2283 rebellionem

1420 2309 1565 2345 corruit
1583 2323 1590 2345 :
1610 2308 1754 2358 quique
1774 2307 1881 2358 prius
1903 2308 2065 2345 latenter
2089 2320 2272 2357 arrogans
2291 2307 2424 2344 fratres

1420 2376 1722 2418 contempserat,
1748 2366 1829 2417 jam
1850 2376 2028 2418 patenter
2053 2365 2280 2405 inobediens
2311 2367 2422 2404 etiam

1417 2436 1641 2477 magistrum
1660 2428 1882 2465 contemnit.

1471 2489 1535 2525 49.
1550 2485 1753 2527 ‘Sciendum
1771 2497 1897 2526 autem
1913 2496 1988 2534 est,
2006 2487 2113 2538 quod
2129 2500 2264 2525 omnes
2273 2487 2422 2537 gradus,

1418 2562 1515 2599 quos
1530 2549 1570 2585 in
1591 2548 1794 2586 duodecim
1811 2549 1974 2599 partitus
1990 2561 2072 2585 sum
2084 2576 2094 2594 ,
2113 2548 2153 2585 in
2172 2556 2248 2585 tres
2264 2555 2425 2585 tantum-

1419 2608 1536 2645 modo
1569 2608 1695 2658 colligi
1724 2616 1886 2658 possunt
1913 2622 1920 2644 :
1950 2615 1991 2643 ut
2018 2607 2058 2644 in
2077 2620 2143 2644 sex
2164 2605 2424 2657 superioribus

1419 2737 1664 2778 contemptus
1692 2728 1884 2777 magistri,
1904 2728 1944 2764 in
1973 2726 2146 2772 duobus,
2170 2727 2238 2776 qui
2262 2739 2322 2763 res

1418 2797 1707 2829 consummetur
1723 2796 1968 2838 contemptus
1988 2787 2071 2825 Dei.
2092 2786 2271 2825 Notandu

1419 2862 1515 2899 que,
1537 2848 1642 2898 quod
1663 2848 1701 2885 hi
1726 2848 1804 2885 duo
1822 2847 2012 2898 superbiae
2032 2846 2173 2897 gradus
2194 2846 2264 2883 ulti

1419 2917 1457 2946 et
1481 2909 1706 2946 humilitatis
1729 2908 1970 2946 ascendendo
2005 2907 2121 2958 primi
2148 2907 2236 2943 inve

1417 2969 1514 3006 sicut
1544 2977 1651 3005 extra
1683 2967 2019 3018 congregationem
2053 2964 2216 3004 ascende

1416 3029 1470 3065 ita
1482 3028 1520 3065 in
1536 3028 1831 3078 congregatione
1847 3026 2027 3064 desc-endi
2039 3039 2119 3063 non
2130 3039 2182 3076 po

1417 3097 1544 3125 autem
1557 3096 1644 3125 ante
1657 3087 1811 3125 ascendi
1827 3086 2008 3133 debeant,
2023 3099 2071 3123 ex
2085 3086 2158 3123 hoc

1416 3148 1589 3198 intelligi,
1606 3148 1711 3198 quod
1726 3147 1773 3185 de
1788 3147 1901 3185 tertio
1915 3146 2035 3197 gradu
2046 3147 2085 3184 in
