2517 3936
4 3401 11 3936 -.—-—-——.-—-....„-,
4 3362 8 3376 .-

94 193 190 232 1357

719 197 1006 232 TRACTATUS
1035 197 1100 230 DE
1133 196 1403 233 DILIGENDO
1434 200 1541 234 DEO.

88 271 287 316 maculata,
308 270 472 307 charitas
488 278 543 307 est
565 285 573 307 ε
595 283 680 319 quae
700 284 776 307 non
796 271 901 321 quod
915 272 985 308 sibi
1005 271 1132 308 utile²³⁰

2072 205 2169 242 1358

1137 270 1278 323 ”super
1295 286 1428 310 omnes
1448 274 1543 309 lilios
1563 273 1704 320 Adam,
1727 275 1819 312 heu!
1843 277 2028 315 inclinans
2048 288 2083 315 ct
2104 281 2165 315 in·

87 341 155 377 est,
172 331 323 382 quaerit,
342 330 408 368 sed
422 330 526 380 quod
543 330 682 367 multis.
699 334 775 368 Lex
792 340 918 368 autem
937 332 1093 369 Domini
1111 337 1140 370 Α
1162 347 1326 370 curvans
1349 334 1516 370 cervices
1540 341 1688 369 nostras
1705 363 1714 379 ,
1733 335 1827 371 adeo
1859 345 1898 373 ut
1926 338 2002 374 vita
2035 348 2163 375 nostra

87 392 240 437 dicitur,
262 391 340 428 sive
362 390 466 440 quod
493 390 574 440 ipse
600 403 647 426 ex
670 403 713 426 ea
739 391 866 437 vivat,
889 391 968 428 sive
988 390 1092 440 quod

87 465 170 490 eam
191 451 338 497 nullus,
359 450 431 487 nisi
456 449 538 499 ejus
561 449 664 486 dono
691 450 895 500 possideat.
918 454 995 487 Nec
1022 450 1092 487 ab-

87 511 245 549 surdum
265 511 455 557 videatur,
471 510 575 561 quod
598 510 677 547 dixi
695 511 807 547 etiam
823 514 946 548 Deum
964 510 1092 547 vivere

87 585 134 609 ex
153 571 234 622 lege
252 587 260 609 ε
277 585 362 609 cum
385 585 463 608 non
484 571 557 608 alia
579 568 698 621 quam
715 571 898 607 charitate
918 570 1091 607 dixerim.

85 632 186 681 Quid
206 646 299 670 vero
319 633 356 669 in
375 645 522 670 summa
538 640 575 669 et
589 631 700 668 beata
716 632 779 667 illa
795 631 978 667 Trinitate
993 642 1094 666 sum—

85 706 187 730 mam
207 702 245 731 et
267 692 498 731 ineffabilem
526 692 627 728 illam
656 698 858 728 conservat
884 690 1091 736 unitatem,

85 752 157 789 nisi
190 753 382 790 charitas?
412 755 491 789 Lex
525 759 581 788 est
609 763 719 800 ergo,
753 758 790 787 et
816 750 877 786 lex
906 750 1090 796 Domini,

84 813 268 860 charitas,
296 826 381 863 quae
413 812 636 850 Trinitatem
664 812 703 848 in
734 811 880 847 unitate
905 810 1093 860 quodam-

84 872 200 910 modo
218 872 372 910 cohibet
389 901 399 919 ‚
422 880 460 909 et
477 871 630 921 colligat
649 872 687 908 in
708 871 863 908 vinculo
888 871 1003 921 pacis.
1022 875 1093 908 Ne-

85 946 148 970 mo
173 941 299 970 tamen
325 946 385 970 me
412 932 573 970 aestimet
597 932 817 969 charitatem
838 932 899 968 hic
919 931 1092 981 accipere

83 993 303 1043 qualitatem
324 1023 334 1040 ,
363 994 424 1031 vel
456 992 612 1043 aliquod
639 992 815 1030 accidens
832 991 1021 1043 (alioquin
1053 991 1091 1028 in

83 1056 167 1090 Deo
195 1053 384 1100 dicerem,
408 1052 513 1104 quod
546 1053 667 1099 absit,
690 1066 770 1090 esse
805 1052 948 1103 aliquid
987 1051 1092 1102 quod

1160 394 1308 431 inferno
1347 393 1667 444 appropinquarit
1690 399 1715 429 ².
1748 395 1884 431 Infelix
1914 410 1983 446 ego
2020 398 2134 434 homo
2154 428 2164 445 ,

1160 454 1244 503 quis
1274 467 1334 491 me
1363 453 1540 490 liberabit
1565 453 1611 489 ‹le
1641 466 1803 503 corpore
1830 457 1961 492 mortis
1987 457 2099 506 hujus
2120 456 2164 494 3?

1159 527 1237 563 quo
1266 513 1399 562 utique
1426 526 1595 562 premor,
1619 520 1656 548 ct
1675 525 1774 562 pene
1796 515 2008 563 opprimor,
2042 517 2092 553 ita
2124 526 2165 553 ut

1161 573 1233 610 nisi
1262 573 1351 622 quia
1380 573 1570 609 Dominus
1603 571 1750 621 adjuvit
1782 586 1841 609 me
1860 602 1869 618 ,
1892 574 2008 623 paulo
2041 576 2165 613 minus

1160 632 1365 670 habitasset
1400 632 1438 668 in
1474 632 1624 669 inferno
1655 633 1781 669 anima
1814 634 1936 669 mea&
1976 633 2054 670 Sub
2094 635 2166 671 hoc

1160 705 1278 730 onere
1311 701 1489 743 gravatus
1525 691 1699 742 gemebat
1733 692 1798 742 qui
1833 692 2012 730 dicebat:
2041 695 2168 740 Quare

1161 767 1219 790 me
1233 759 1398 803 posuisti
1414 758 1642 790 contrarium
1666 753 1746 799 tibi,
1766 763 1800 790 ec
1811 753 1940 801 factus
1962 768 2041 790 sitm
2062 755 2169 791 milzi-

1160 823 1236 850 met
1252 818 1324 863 ipsi
1341 817 1492 863 gravis?
1511 813 1587 852 ‘Ubi
1607 813 1722 859 dixit,
1741 816 1774 849 F
1776 822 1880 849 actus
1899 827 1979 849 snm
2001 814 2170 849 mihimet

1161 877 1234 922 ipsi
1250 878 1398 922 gravis,
1422 873 1588 910 ostendit
1617 873 1721 922 quod
1746 873 1806 909 lex
1837 873 1917 922 ipse
1945 871 2016 910 sibi
2046 881 2167 920 esset,

1160 947 1230 971 nec
1247 935 1342 971 alius
1363 933 1435 970 boc
1459 947 1573 983 quam
1595 933 1667 970 sibi
1684 933 1764 984 ipse
1786 934 1944 970 fecisset.
1967 933 2079 982 Quod
2097 946 2167 970 au-

1160 1003 1236 1031 tem
1266 995 1427 1044 loquens
1456 998 1559 1041 Deo,
1581 995 1790 1044 praemisit,
1819 997 1980 1030 Posuisti
2001 1008 2059 1030 me
2081 1008 2168 1030 con-

1160 1059 1314 1091 trarium
1335 1055 1402 1091 tibi
1413 1070 1426 1099 ,-
1448 1055 1516 1092 Dei
1539 1068 1577 1092 se
1598 1063 1725 1091 tamen
1749 1068 1827 1091 non
1849 1055 2025 1104 effugisse
2047 1055 2165 1104 legem

82 1116 186 1150 Deus
207 1126 285 1150 non
303 1112 402 1164 est),
419 1113 484 1151 sed
505 1113 755 1151 substantiam
776 1113 878 1150 illam
899 1113 1089 1149 divinam:
1112 1114 1139 1148 B
1160 1115 1352 1152 indicavit.
1385 1119 1468 1153 Hoc
1493 1115 1636 1165 quippe
1665 1115 1712 1152 ad
1744 1123 1922 1151 aeternam
1945 1113 2167 1164 justamque

82 1173 189 1223 quod
222 1175 355 1224 utique
389 1188 458 1212 nec
490 1188 657 1221 novum,
685 1188 754 1211 nec
788 1173 985 1211 insolitum
1018 1181 1092 1220 est,

82 1233 232 1272 dicente
265 1238 415 1273 Joanne
432 1265 442 1282 ,
477 1238 576 1272 Deus
617 1237 782 1272 charitas
820 1241 909 1271 ωτι.
943 1233 1092 1271 Dicitur

82 1307 174 1344 ergo
195 1302 296 1332 recte
314 1303 352 1332 et
371 1295 556 1342 charitas,
578 1303 616 1332 et
634 1298 737 1333 Deus
750 1324 760 1341 ‚
783 1303 821 1331 et
842 1294 913 1332 Dei
934 1293 1091 1331 donum.

61 1355 215 1405 'Itaque
235 1355 399 1393 charitas
420 1356 485 1393 dat
505 1356 727 1393 charitatem
741 1384 751 1401 ‚
775 1354 1013 1393 substantiva
1035 1368 1093 1391 ac-

82 1415 324 1454 cidentalem.
342 1416 420 1455 Ubi
440 1416 595 1454 dantem
617 1417 820 1467 significat,
843 1429 982 1453 nomen
1002 1414 1094 1452 sub-

81 1476 230 1513 stantiae
246 1485 330 1514 est:
349 1476 415 1514 ubi
436 1476 600 1524 donum,
622 1477 827 1526 qualitatis.
845 1479 937 1513 Haec
957 1483 1014 1513 est
1034 1475 1093 1511 lex

81 1545 244 1585 aeterna‚
275 1537 439 1575 creatrix
468 1546 506 1575 et
537 1537 786 1588 gubernatrix
822 1536 1091 1573 universitatis.

81 1596 277 1647 Siquidem
299 1598 337 1634 in
362 1597 558 1647 pondere,
580 1606 618 1634 et
641 1610 840 1642 mensura,
865 1604 903 1633 et
928 1608 1107 1637 numero-

80 1669 151 1707 per
175 1670 257 1694 eam
286 1657 383 1694 facta
404 1665 493 1694 sunt
512 1657 692 1694 universa
706 1685 715 1702 ‚
737 1665 775 1694 et
795 1656 889 1693 nihil
909 1657 990 1694 sine
1011 1657 1092 1706 lege

81 1717 324 1767 relinquitur,
347 1731 434 1755 cum
454 1718 536 1768 ipsa
557 1730 712 1768 quoque
732 1718 794 1754 lex
815 1717 987 1754 omnium
1010 1717 1092 1753 sine

80 1777 162 1827 lege
182 1790 262 1815 non
282 1778 349 1826 sit,
365 1791 445 1816 non
460 1787 587 1816 tamen
608 1779 680 1815 alia
699 1791 815 1828 quam
830 1791 869 1815 se
886 1778 970 1828 ipsa
988 1793 996 1815 :
1017 1791 1092 1828 qua

80 1846 120 1875 et
137 1851 176 1875 se
193 1838 313 1892 ipsam
331 1839 402 1877 etsi
418 1852 497 1876 non
515 1839 680 1885 creavit,
701 1839 798 1888 regit
816 1847 955 1875 tamen.

424 1965 603 2004 CAPUT
634 1965 750 2004 XIII.

80 2093 129 2123 De
156 2092 222 2134 lege
248 2091 384 2134 propriae
411 2090 580 2123 voluntatis
600 2097 630 2122 et
649 2090 849 2133 cupiditatis,
877 2101 1036 2121 servorum
1065 2096 1096 2121 et

453 2145 728 2177 mercenariorum.

135 2268 199 2305 36.
227 2269 416 2306 Caeterum
443 2280 577 2304 servus
603 2275 641 2304 et
668 2266 926 2303 mercenarius
951 2264 1094 2302 habent

83 2326 203 2376 legem
227 2355 237 2374 ,
273 2340 353 2363 non
384 2340 404 2364 a
438 2327 633 2373 Domino,
668 2326 734 2363 sed
766 2339 881 2375 quam
911 2326 984 2376 ipsi
1019 2325 1091 2362 sibi

81 2387 255 2425 fecerunt
275 2403 283 2424 :
303 2388 367 2424 ille
397 2391 523 2425 Deum
555 2401 633 2424 non
667 2386 832 2423 amando
850 2415 859 2432 ,
896 2387 965 2423 iste
1004 2387 1090 2437 plus

81 2447 185 2484 aliud
217 2447 394 2485 amando.
435 2446 612 2493 Habent,
650 2447 827 2496 inquam,
858 2447 978 2496 legem
1014 2459 1092 2482 non

81 2508 268 2554 Domini,
296 2508 363 2545 sed
396 2521 529 2555 suam3
559 2508 613 2545 illi
649 2516 795 2552 tamen,
829 2520 914 2556 quae
937 2506 1094 2543 Domini

83 2576 159 2615 est,
179 2567 405 2617 subjectam.
433 2571 481 2605 Et
507 2568 661 2618 quidem
691 2581 796 2604 suam
831 2566 902 2603 sibi
932 2566 1094 2615 quisque

81 2625 205 2678 legem
238 2628 362 2665 facere
390 2637 630 2678 potuerunt:
653 2641 732 2665 non
762 2636 887 2664 tamen
915 2640 999 2663 eam
1029 2627 1093 2662 in-

83 2687 346 2726 commutabili
386 2697 538 2726 aeternae
579 2689 671 2739 legis
715 2688 838 2726 ordini
879 2687 1142 2726 subducereD

85 2752 434 2800 potuerunt.Tunc
461 2758 587 2786 autem
620 2750 781 2787 dixerim
803 2762 994 2798 quemque
1025 2747 1095 2785 sibi

85 2809 216 2846 fecisse
241 2821 348 2845 suam
372 2809 508 2858 legem,
530 2809 685 2858 quando
712 2809 908 2846 communi
929 2817 967 2845 et
984 2817 1095 2845 aeter-

85 2882 144 2906 nae
155 2869 228 2918 legi
243 2868 442 2919 propriam
462 2869 630 2919 praetulit
650 2869 900 2915 voluntatem,
917 2882 1096 2919 perverse

85 2929 218 2980 utique
248 2929 382 2966 volens
400 2942 511 2966 suum
535 2929 675 2966 imitari
692 2932 910 2967 Creatorem
928 2944 936 2965 :
956 2938 997 2966 ut
1023 2929 1096 2965 sic—

85 2999 130 3027 ut
150 2990 231 3041 ipse
251 2989 323 3027 sihi
339 2990 400 3027 lex
413 3019 424 3037 ,
447 2990 582 3040 suique
604 2989 701 3040 juris
726 2998 804 3036 est,
822 2990 875 3026 ita
893 2990 924 3027 is
940 3003 1095 3040 quoque

87 3064 126 3088 se
145 3051 270 3101 ipsum
296 3059 470 3100 regeret,
491 3059 530 3088 et
561 3051 682 3101 legem
713 3049 784 3087 sibi
818 3063 925 3087 suam
957 3050 1097 3087 faceret

87 3111 338 3148 voluntatem.
357 3113 482 3149 Grave
497 3111 631 3160 utique
645 3119 683 3148 et
700 3109 943 3161 importabile
959 3109 1095 3160 jugum

1161 1176 1231 1214 Dei
1256 1177 1376 1227 legem
1405 1177 1616 1227 pertinuit,
1636 1185 1677 1212 ut
1700 1176 1766 1225 qui
1790 1190 1809 1212 a
1830 1179 1912 1212 Deo
1933 1175 2058 1211 noluit
2078 1187 2168 1211 sua—

1158 1237 1256 1273 viter
1283 1237 1361 1287 regi
1379 1266 1388 1284 ,
1409 1237 1612 1287 poenaliter
1633 1250 1652 1273 a
1669 1249 1707 1272 se
1724 1236 1808 1286 ipso
1835 1243 2031 1285 regeretur
2052 1249 2059 1270 :
2082 1234 2168 1284 qui-

1160 1311 1234 1348 que
1255 1307 1392 1348 sponte
1409 1297 1545 1348 jugum
1567 1310 1682 1334 suave
1705 1306 1742 1334 et
1767 1310 1864 1334 onus
1892 1297 1974 1333 leve
2000 1296 2167 1332 charita-

1161 1359 1207 1395 tis
1219 1358 1371 1408 abjecit,
1386 1359 1552 1409 propriae
1578 1358 1785 1395 voluntatis
1811 1370 1907 1394 onus
1927 1355 2170 1406 importabile

1162 1421 1367 1456 sustineret
1397 1420 1553 1456 invitus.
1589 1420 1686 1456 Miro
1718 1419 1845 1468 itaque
1866 1426 1904 1454 et
1925 1417 2030 1466 justo
2055 1416 2171 1453 modo

1162 1489 1301 1517 aeterna
1319 1481 1381 1517 lex
1400 1480 1600 1530 fugitivum
1622 1494 1732 1517 suum
1754 1488 1790 1516 et
1811 1479 1938 1530 posuit
1959 1477 2056 1515 sibia
2076 1491 2172 1514 con-

1161 1542 1340 1588 trarium,
1358 1550 1395 1578 et
1425 1541 1581 1578 retinuit
1611 1540 1827 1590 subjectum
1851 1555 1858 1577 ε
1881 1539 1970 1576 dum
1992 1538 2170 1575 videlicet

1160 1603 1395 1652 necjustitiae
1412 1616 1483 1652 pro
1501 1602 1644 1638 meritis
1663 1602 1783 1651 legem
1803 1600 1939 1647 evasit3
1956 1613 2025 1636 nec
2044 1607 2171 1635 tamen

1159 1676 1243 1700 cum
1265 1666 1347 1700 Deo
1368 1663 1406 1699 in
1425 1676 1492 1700 sua
1507 1663 1591 1699 luce
1606 1691 1614 1708 ,
1632 1662 1670 1698 in
1693 1673 1760 1698 sua
1774 1660 1927 1710 requie,
1942 1660 1981 1696 in
2002 1672 2070 1696 sua
2089 1658 2172 1707 glo-

1159 1723 1214 1760 ria
1234 1724 1437 1768 remansit,
1461 1721 1656 1772 subjectus
1676 1721 1857 1772 potestati
1874 1749 1884 1766 ,
1910 1729 1948 1757 et
1970 1719 2171 1757 submotus

1160 1784 1340 1821 felicitati.
1376 1783 1539 1821 Domine
1570 1787 1674 1820 Deus
1710 1794 1837 1826 meus,
1865 1795 1930 1816 cnr
1958 1793 2032 1816 non
2070 1781 2171 1814 tollis

1154 1854 1352 1895 peccatum
1374 1858 1493 1880 meum
1507 1872 1517 1888 ,
1543 1853 1579 1879 et
1606 1856 1722 1891 quare
1742 1855 1815 1877 non
1846 1839 1970 1888 aufers
1990 1843 2172 1888 iniquita-

1113 1904 1140 1941 C
1160 1916 1231 1942 tem
1259 1903 1435 1940 mecim5?
1460 1912 1502 1940 ut
1534 1902 1680 1952 abjecta
1700 1901 1806 1952 gravi
1835 1901 1981 1938 sarcina
2004 1899 2172 1949 propriae

1160 1965 1368 2002 voluntatis
1382 1994 1391 2011 ,
1409 1963 1480 2002 sul)
1502 1964 1576 2000 levi
1597 1976 1715 2000 onere
1735 1961 1927 1998 charitatis
1954 1960 2135 2010 respirem
2158 1974 2168 2005 ;

1162 2040 1232 2064 nec
1244 2025 1323 2075 jam
1344 2025 1473 2062 servili
1493 2026 1631 2061 timore
1649 2036 1839 2069 coercear,
1852 2035 1922 2059 nec
1939 2020 2172 2058 mercenaria

1164 2086 1373 2136 cupiditate
1396 2085 1529 2122 illiciar
1547 2100 1554 2121 :
1572 2084 1637 2121 sed
1655 2097 1744 2133 agar
1766 2082 1899 2132 spiritu
1924 2090 1989 2118 tuo
2008 2110 2018 2127 ,
2036 2080 2172 2130 spiritu

1163 2146 1367 2192 libertatis,
1384 2159 1462 2195 quo
1478 2152 1646 2194 aguntur
1660 2144 1726 2180 lilii
1744 2143 1812 2189 tui,
1830 2142 1896 2191 qui
1910 2141 2172 2178 testimonium

1163 2206 1297 2242 reddat
1321 2205 1471 2255 spiritui
1496 2218 1604 2249 meo,
1625 2203 1729 2253 quod
1756 2211 1794 2239 et
1819 2215 1889 2251 ego
1909 2201 1977 2238 sim
2004 2213 2104 2236 unus
2123 2213 2170 2236 ex

1161 2267 1246 2303 filiis
1259 2265 1287 2312 ⁶,
1303 2266 1394 2303 dum
1422 2265 1553 2302 eadem
1573 2265 1664 2301 mihi
1692 2265 1752 2300 lex
1777 2262 1890 2299 fuerit
1911 2275 1995 2310 quae
2021 2269 2058 2297 et
2083 2259 2170 2306 tibi;

1159 2336 1195 2364 et
1214 2328 1312 2363 sicut
1331 2335 1371 2362 tu
1389 2339 1448 2370 es,
1471 2326 1523 2362 ita
1546 2333 1583 2360 et
1600 2325 1681 2373 ipse
1698 2323 1768 2359 sim
1786 2322 1824 2358 in
1845 2322 1919 2357 hoc
1940 2319 2097 2356 mundo.
2119 2319 2169 2356 Hi

1160 2387 1348 2437 siquidem
1365 2415 1374 2432 ‚
1395 2386 1461 2436 qui
1481 2385 1553 2422 hoc
1575 2384 1719 2421 faciunt
1736 2381 1840 2432 quod
1858 2382 1909 2418 ait
1928 2380 2138 2430 Apostolus
2158 2407 2166 2425 ,

1161 2451 1311 2485 Nemini
1326 2449 1528 2496 quidquam
1546 2444 1710 2481 debeatis
1725 2473 1734 2488 ,
1756 2447 1828 2479 nisi
1851 2451 1888 2478 uc
1909 2446 2062 2477 invicem
2081 2442 2169 2475 dill-

1158 2513 1258 2558 gatis
1271 2516 1283 2538 7
1300 2523 1308 2554 3
1331 2508 1466 2557 procul
1485 2505 1603 2543 dubio
1622 2505 1720 2541 sicut
1734 2507 1836 2540 Deus
1853 2510 1923 2546 est,
1940 2509 1978 2537 et
1991 2500 2065 2549 ipsi
2079 2507 2169 2535 sunt

1160 2570 1199 2606 in
1220 2569 1292 2605 hoc
1308 2568 1453 2605 mundo
1473 2583 1481 2604 :
1503 2581 1573 2604 nec
1602 2565 1702 2603 servi
1722 2572 1787 2601 aut
1814 2560 2039 2600 mercenarii
2055 2568 2168 2606 sunt,

1161 2630 1226 2667 sed
1248 2630 1325 2666 filii.

142 3245 149 3260 ¹
167 3240 288 3270 IJoau.
302 3250 349 3276 w,
367 3242 398 3270 8.
415 3256 458 3261 —-
474 3245 486 3260 ²
503 3240 582 3271 Psal.
600 3251 753 3279 Lxxxvn,
772 3243 801 3272 4.
818 3258 861 3263 -—-
878 3238 891 3261 3
906 3244 1077 3278 Rom.v11,
1103 3246 1119 3273 2
1133 3243 1156 3273 ἱ.
1173 3259 1214 3263 —
1233 3241 1246 3266 4
1262 3240 1341 3271 Psal.
1366 3249 1445 3271 xcui
1460 3263 1467 3277 ‚
1495 3240 1544 3269 17.
1564 3256 1603 3259 -
1624 3234 1637 3257 5
1652 3235 1714 3268 Job
1739 3245 1783 3264 vu
1797 3257 1804 3270 ‚
1824 3236 1878 3268 20,
1899 3234 1951 3261 Ἥ-
1970 3247 2010 3250 *fl
2038 3228 2053 3249 ⁰
2074 3231 2169 3258 Rom.

92 3304 153 3324 v111
168 3316 174 3328 ,
198 3293 314 3323 14-16.
332 3310 378 3314 —-
394 3298 407 3323 7
429 3292 476 3323 td.
494 3304 554 3324 xtu
569 3317 576 3330 ,
597 3296 626 3324 8.

139 3353 151 3367 ⁸
174 3350 279 3389 Alias,
301 3348 396 3382 cidem
417 3351 485 3396 ἱρή.
