2533 3920
340 239 413 275 119

334 315 437 352 (licat
470 330 477 352 ι
511 317 662 351 Πίίηαηι
685 323 719 350 te
751 315 916 350 calidum
947 311 1213 362 mast-igiclmn
1247 316 1347 348 inve—

1104 238 1140 272 S.
1170 236 1426 272 BERNARDI
1454 236 1654 272 ABBATIS

2344 231 2418 269 120

1473 312 1528 348 ll.
1568 312 1638 350 Sed
1672 310 1853 361 quamdiu
1880 308 1958 359 jam
1994 322 2072 346 non
2103 309 2184 346 exis
2216 309 2262 346 de
2292 310 2418 347 medio

337 380 486 411 nlssem.
509 375 579 411 Hic
600 374 814 412 ostenditur
831 382 960 424 aperte
973 403 982 420 ,
1005 373 1094 422 quia
1118 373 1244 409 minus
1264 375 1344 409 Deo
1366 378 1396 411 A
1413 373 1574 408 eorum?
1591 372 1691 420 Quid
1712 372 1800 408 facis
1820 371 1859 407 in
1880 369 1976 407 urbe
1990 399 1999 416 ,
2026 370 2092 420 qui
2113 370 2320 406 claustrum
2345 370 2420 406 ele-

335 435 487 485 tepidus
504 435 649 485 places,
668 448 781 484 quam
800 435 831 470 si
850 434 909 470 vel
931 434 1062 483 quales
1081 433 1134 469 illi
1154 440 1262 478 sunt,
1280 431 1346 468 fri-

337 495 446 544 gidus
466 507 576 531 esses.
599 495 688 531 Illos
717 494 850 543 utique
876 497 980 530 Deus
1007 493 1196 542 patienter
1215 505 1347 542 exspe-

335 563 412 591 ctat
427 554 473 591 de
489 555 628 603 frigore
648 553 880 603 quandoque
898 552 943 589 ad
959 553 1123 589 calorem
1142 552 1345 602 proficere,

339 622 375 650 te
408 627 500 650 vero
532 613 734 663 indignans
773 613 938 649 advertit
969 612 1015 649 de
1051 613 1176 649 calore
1203 611 1281 662 jam
1305 612 1345 648 in

337 681 509 722 teporem
530 673 722 710 defecisse.
747 676 795 710 Et
825 673 913 722 quia
940 673 1110 723 tepidum
1140 681 1175 709 te
1194 672 1344 718 inveni3

338 737 521 781 Incipiam
536 763 548 779 ,
578 733 721 783 inquit,
752 743 786 769 te
805 747 968 769 evomere
997 747 1046 769 ex
1067 747 1130 768 ore
1157 746 1237 768 meo
1255 742 1279 768 ¹.
1299 735 1346 769 Et

336 793 474 829 merito
494 821 503 838 ‚
538 793 627 842 quia
662 802 702 830 tu
733 793 780 830 ad
814 801 922 829 tuum
954 793 1144 829 vomitum
1190 791 1342 837 redisti,

334 851 426 900 quia
447 860 487 888 tu
507 851 588 901 ejus
605 853 763 902 gratiam
783 852 998 889 evomuisti.

396 912 454 948 10.
483 912 589 962 Heuss
614 913 810 962 quomodo
832 913 1021 950 Christum
1046 921 1121 949 tam
1141 912 1216 949 cito
1243 911 1347 948 fasti—

336 970 395 1007 dis
410 999 420 1016 ‚
449 971 495 1008 de
528 986 605 1022 quo
625 973 811 1023 scriptum
833 981 890 1009 est
915 987 923 1008 :
945 975 1030 1008 Mel
1048 981 1083 1008 et
1110 975 1167 1007 lac
1185 971 1251 1007 sub
1271 974 1346 1006 lin-

336 1044 413 1078 gua
436 1036 514 1078 ejus
531 1038 544 1052 ²
560 1033 574 1067 ?
601 1033 740 1078 Miror,
760 1032 864 1082 quod
880 1033 927 1068 ad
944 1041 1096 1082 gustum
1117 1031 1191 1069 cibi
1210 1030 1346 1067 dulcis-

1412 432 1546 480 geras?
1583 431 1674 480 quid
1711 430 1778 467 tibi
1814 443 1900 466 cum
1934 430 2073 466 saeculo
2088 458 2098 476 ,
2144 429 2210 479 qui
2239 429 2419 466 saeculum

1413 493 1642 541 spreveras?
1665 494 1789 529 Funes
1815 489 2035 526 ceciderunt
2057 488 2125 526 tibi
2150 490 2189 525 in
2212 489 2419 539 praeclariS‚

1413 559 1451 587 et
1473 559 1513 587 tu
1530 550 1668 601 opibus
1697 551 1818 587 inhias
1842 550 2030 586 terrenis?
2058 549 2095 587 Si
2125 549 2183 586 vis
2202 548 2343 585 habere
2364 548 2418 585 si-

1411 611 1490 646 mul
1508 619 1544 646 et
1563 610 1643 647 haec
1663 618 1700 647 et
1714 610 1776 646 illa
1791 639 1800 656 ,
1822 609 1990 646 breviter
2010 608 2077 645 tibi
2098 607 2419 660 respondebitur:

1411 672 1617 715 stlemetzeo,
1633 672 1714 720 fili,
1735 675 1827 720 ([ιιία
1848 675 2021 719 recepisti
2045 669 2140 706 bona
2159 675 2198 705 in
2217 673 2298 706 vita
2319 678 2383 706 tua
2393 667 2420 705 ⁵.

1410 733 1598 780 Recepisti
1625 731 1747 778 dixit3
1776 744 1879 777 non,
1899 730 2074 781 Rapuisti
2109 745 2117 766 :
2153 743 2202 766 ne
2233 730 2346 766 etiam
2374 729 2421 766 de

1411 791 1484 827 hoc
1522 790 1589 827 tibi
1624 791 1762 827 frustra
1805 790 2013 827 blandiaris
2034 819 2043 836 ‚
2075 789 2181 839 quod
2220 789 2295 826 tuis
2325 802 2422 826 con-

1413 858 1564 896 tentus,
1588 851 1708 887 aliena
1746 863 1824 887 non
1858 850 1994 900 rapias.
2028 854 2301 888 Verumtamen
2336 862 2422 899 quae

1413 918 1500 946 sunt
1520 910 1583 946 illa
1618 912 1708 946 tua?
1741 910 1928 946 Beneficia
1944 910 2120 947 Ecclesiae
2137 911 2152 946 Ξ)
2171 914 2300 947 Recte.
2323 909 2421 958 Quia

1411 968 1532 1017 surgis
1553 968 1600 1005 ad
1620 969 1764 1018 vigilias
1780 998 1789 1015 ,
1810 969 1917 1006 vadis
1942 969 1988 1006 ad
2018 971 2172 1016 missas,
2199 969 2305 1006 horis
2335 969 2424 1006 cho-

1412 1041 1498 1064 rum
1521 1029 1721 1065 nocturnis
1743 1028 1966 1078 diurnisque
1984 1029 2226 1078 frequenta53
2249 1027 2348 1065 bene
2368 1029 2424 1065 fa—

337 1089 421 1125 simi
435 1092 645 1138 nausearis,
664 1092 693 1128 si
711 1100 837 1128 tamen
852 1092 1009 1140 gustasti
1025 1104 1138 1140 quam
1159 1090 1280 1127 dulcis
1293 1097 1349 1126 est
1368 1090 1396 1124 B
1415 1088 1480 1124 cis.
1517 1089 1576 1126 Sic
1605 1088 1780 1125 Ecclesiae
1819 1087 2066 1138 praebendam
2097 1088 2213 1137 gratis
2245 1101 2325 1124 non
2357 1101 2422 1124 ac—

337 1149 537 1186 Dominus.
559 1155 636 1188 Aut
661 1160 763 1188 certe
782 1151 954 1188 nondum
977 1151 1153 1201 gustasti,
1171 1159 1208 1187 et
1225 1150 1347 1187 nescis

337 1208 430 1257 quid
446 1210 543 1259 sapit
561 1211 750 1258 Christus;
774 1211 937 1261 ideoque
966 1224 1045 1248 non
1064 1211 1212 1261 appetis
1237 1210 1348 1246 inex-

337 1277 491 1318 pertum
511 1285 518 1306 :
538 1280 602 1307 aut
622 1272 652 1308 si
681 1273 863 1321 gustasti,
883 1281 921 1309 et
947 1272 1056 1308 dulce
1087 1284 1166 1308 non
1195 1270 1345 1321 sapuit,

337 1342 473 1365 sanum
494 1344 572 1367 non
591 1331 706 1368 habes
723 1333 905 1382 palatum.
924 1335 1011 1382 Ipse
1029 1332 1173 1382 quippe
1194 1331 1264 1367 Dei
1291 1338 1347 1366 est

337 1390 548 1439 sapientia,
581 1405 665 1441 quae
701 1394 752 1429 ait
779 1408 786 1430 :
814 1395 889 1439 Qui
917 1394 1076 1428 comedit
1109 1405 1186 1435 me,
1224 1391 1348 1426 adletae

337 1454 501 1495 esuriet3
523 1461 559 1487 ct
577 1457 643 1500 qui
664 1452 754 1488 bibit
770 1466 845 1497 me,
869 1453 993 1489 adhuc
1007 1451 1143 1488 sitiet3.
1160 1451 1232 1488 Sed
1247 1464 1348 1501 quo-

337 1509 454 1546 modo
471 1519 597 1560 potest
610 1513 752 1549 esurire
774 1514 833 1549 vel
854 1513 958 1549 sitire
974 1513 1162 1551 Christum
1179 1542 1188 1558 ,
1208 1512 1347 1561 plenus

338 1570 510 1618 quotidie
535 1572 680 1622 siliquis
702 1575 936 1623 porcorum?
968 1576 1052 1610 Non
1078 1581 1188 1622 potes
1216 1571 1347 1608 bibere

339 1628 451 1665 simul
471 1630 624 1667 calicem
643 1632 795 1678 Christi,
812 1640 849 1668 et
863 1633 1018 1668 calicem
1037 1631 1347 1668 daemoniomnfl.

341 1689 447 1725 Calix
476 1690 754 1729 daemoniorum
776 1691 955 1742 superbia
972 1700 1052 1738 est,
1083 1691 1180 1727 calix
1201 1690 1348 1726 daemo—

339 1748 494 1786 niorum
527 1751 712 1789 detractio
745 1761 783 1789 et
810 1751 952 1789 invidia
978 1760 1056 1797 est,
1088 1751 1184 1788 calix
1204 1750 1349 1787 daemo-

340 1807 493 1846 niorum
543 1812 699 1861 crapula
733 1820 771 1849 et
811 1811 974 1849 ebrietas
1017 1820 1072 1848 est
1093 1827 1102 1858 3
1133 1824 1218 1861 quae
1260 1823 1347 1847 cum

1414 1148 1519 1198 cipis.
1551 1148 1718 1197 Dignum
1750 1156 1806 1185 est
1830 1157 1871 1185 ut
1899 1148 1965 1198 qui
1985 1148 2122 1185 altario
2151 1147 2342 1194 deservit,
2377 1147 2424 1184 de

1413 1208 1548 1245 altario
1568 1209 1683 1245 vivat.
1708 1207 1942 1245 Conceditur
1969 1220 2060 1258 ergo
2091 1206 2183 1253 tibi,
2206 1215 2250 1244 ut
2274 1207 2304 1245 si
2324 1206 2423 1244 bene

1414 1268 1598 1315 deservis,
1622 1269 1669 1305 de
1690 1268 1825 1305 altario
1849 1268 1979 1314 vivas3
1998 1281 2076 1304 non
2096 1275 2224 1304 autem
2245 1275 2288 1304 ut
2309 1266 2356 1304 de
2373 1267 2424 1303 al-

1414 1329 1511 1366 tario
1550 1328 1754 1365 luxurieris
1767 1357 1776 1375 ,
1811 1337 1853 1365 ut
1885 1328 1931 1365 de
1964 1328 2099 1365 altario
2131 1326 2352 1379 superbias,
2382 1336 2426 1364 ut

1414 1388 1502 1425 inde
1542 1402 1740 1438 compares
1776 1387 1844 1425 tibi
1878 1388 1984 1425 frena
2012 1401 2125 1424 aurea
2139 1417 2149 1435 ,
2185 1388 2294 1424 sellas
2320 1387 2425 1437 depi-

1414 1456 1491 1484 ctas
1504 1478 1513 1494 ,
1534 1447 1693 1484 calcaria
1711 1447 1956 1497 deargentata
1969 1476 1979 1493 ,
1999 1447 2104 1483 varia
2125 1447 2323 1496 griseaque
2340 1446 2425 1496 pel-

1414 1508 1507 1545 licea
1525 1522 1545 1545 a
1564 1509 1662 1545 collo
1678 1516 1716 1544 et
1732 1507 1907 1544 manibus
1927 1516 2066 1544 ornatu
2082 1520 2282 1558 purpureo
2297 1506 2425 1543 diver-

1416 1569 1569 1606 sificata.
1599 1569 1774 1618 Denique
1797 1567 1985 1618 quidquid
2005 1575 2146 1618 praeter
2170 1567 2424 1604 necessarium

1412 1629 1554 1666 victum
1575 1643 1617 1666 ac
1644 1629 1854 1679 simplicem
1880 1628 2060 1665 vestitum
2094 1627 2142 1664 de
2177 1627 2311 1664 altario
2331 1628 2424 1664 reti-

1413 1702 1479 1725 nes
1493 1718 1502 1734 ,
1530 1697 1642 1725 tuum
1660 1701 1737 1725 non
1754 1696 1831 1735 est3
1853 1688 1985 1738 rapina
2001 1695 2081 1734 est,
2100 1687 2338 1737 sacrilegium
2356 1696 2424 1724 est.

1414 1747 1558 1786 Orabat
1578 1748 1732 1798 quidem
1750 1749 1906 1798 Sapiens
1923 1756 2072 1785 tantum
2085 1747 2203 1785 victui
2219 1761 2289 1785 suo
2308 1747 2424 1784 tribui

1414 1809 1626 1845 necessaria
1642 1838 1651 1854 ,
1673 1822 1751 1845 non
1768 1808 1963 1859 superflua
1977 1807 2005 1845 ⁶.
2024 1808 2232 1853 Habentes,
2253 1808 2303 1844 ait
2318 1811 2427 1857 Apo·-

339 1867 585 1918 impleverint
617 1873 677 1909 vel
709 1881 874 1909 mentem
908 1873 967 1909 vel
1006 1881 1180 1909 ventrem
1215 1880 1347 1917 tuum,
1369 1870 1396 1906 C
1416 1869 1555 1915 stolus,
1580 1874 1719 1905 victum
1756 1878 1793 1904 et
1811 1874 2039 1915 vestitnm73
2068 1882 2170 1914 non,
2207 1869 2360 1906 Victum
2390 1876 2428 1905 et

340 1928 511 1966 Christus
528 1931 566 1967 in
599 1941 634 1968 te
657 1946 735 1969 non
762 1933 909 1969 invenit
928 1933 1068 1969 locum.
1090 1936 1174 1970 Non
1202 1930 1351 1968 mireris

344 1988 450 2036 quod
479 1990 576 2027 (lico.
615 1995 658 2028 In
695 1992 810 2029 domo
837 1992 1017 2029 avunculi
1049 1992 1104 2028 tui
1131 2004 1210 2028 non
1241 1999 1351 2040 potes

340 2047 521 2086 inebriari
545 2051 592 2088 ab
621 2051 796 2089 ubertate
817 2052 954 2089 domus
970 2052 1052 2090 Dei.
1079 2054 1153 2090 Cur
1167 2080 1175 2096 ,
1196 2051 1351 2100 inquis?

342 2109 441 2156 Quia
463 2110 599 2148 domus
620 2112 841 2149 deliciarum
865 2121 932 2149 est.
964 2112 1167 2161 Quomodo
1188 2112 1285 2161 ignis
1313 2118 1351 2147 et

343 2180 440 2217 aqua
462 2170 573 2207 simul
603 2185 682 2210 esse
704 2186 782 2209 non
807 2181 989 2223 possunt,
1011 2173 1063 2209 sic
1082 2172 1296 2222 spirituales
1314 2179 1351 2207 et

340 2229 510 2267 carnales
529 2231 671 2269 deliciae
688 2233 726 2269 in
745 2233 878 2270 eodem
898 2246 936 2269 se
953 2246 1030 2269 non
1048 2233 1256 2282 patiuntur.
1275 2231 1351 2269 Ubi

342 2290 536 2338 crapulam
564 2294 747 2330 ructantis
772 2294 872 2329 inter
896 2293 1034 2342 pocula
1063 2292 1223 2329 senserit
1249 2291 1353 2329 Chri-

342 2355 446 2394 stus,
480 2351 568 2387 vina
589 2365 674 2398 sua,
707 2353 875 2389 dulciora
903 2366 1016 2402 super
1044 2353 1119 2389 mel
1141 2361 1178 2388 et
1198 2352 1325 2388 savum
1342 2380 1352 2398 ,

343 2410 461 2445 menti
476 2412 684 2461 propinare
704 2427 781 2450 non
811 2413 1000 2461 dignatur.
1026 2412 1102 2450 L'bi
1119 2413 1269 2449 curiosa
1295 2412 1351 2448 ci—

341 2466 481 2506 borum
498 2471 695 2510 diversitas
708 2503 716 2519 ‚
738 2473 805 2510 ubi
825 2474 952 2510 divitis
969 2473 1214 2523 supellectilis
1232 2472 1352 2509 disco-

342 2527 402 2564 lor
432 2531 593 2568 varietas
619 2534 750 2571 oculos
777 2534 919 2584 pariter
946 2533 1066 2583 pascit
1096 2542 1133 2569 et
1153 2540 1351 2577 ventrem,

344 2590 506 2628 coelestis
526 2594 633 2641 panis
650 2593 823 2643 jejunam
844 2594 984 2631 deserit
1001 2602 1182 2630 mentem.
1204 2593 1271 2628 Eia
1287 2592 1352 2628 lae-

345 2656 444 2695 tare,
461 2649 614 2699 juvenis
628 2682 638 2699 ,
654 2654 693 2689 in
714 2654 969 2690 adolescentia
990 2662 1072 2697 tua,
1089 2660 1132 2689 ut
1146 2651 1353 2688 decedente
1373 2659 1403 2693 D

345 2709 489 2756 pariter
518 2725 604 2749 cum
633 2721 741 2750 aetate
763 2695 963 2763 temporali
999 2712 1148 2758 laetitia,
1179 2711 1357 2748 succedat

347 2780 432 2816 quae
450 2778 484 2806 te
501 2770 703 2809 absorbeat
723 2782 865 2809 ceterna
888 2773 1049 2809 tristitia.
1073 2772 1145 2809 Sed
1167 2771 1264 2808 absit
1285 2772 1356 2808 hoc

349 2827 397 2864 ab
428 2830 722 2869 adolescentulo
746 2841 902 2879 nostro,
938 2840 1083 2869 avertat
1117 2832 1189 2867 hoc
1212 2835 1314 2868 Deus
1336 2845 1356 2868 a

349 2901 472 2937 puero
490 2903 572 2927 suo,
591 2893 691 2939 Quin
709 2893 838 2942 potius
852 2892 1048 2942 disperdat
1066 2892 1252 2928 Dominus
1271 2892 1356 2928 uni—

348 2961 457 2985 versa
473 2949 572 2987 labia
592 2951 723 2989 dolosa
740 2966 873 2989 eorum
894 2953 958 3002 qui
984 2952 1051 2989 tibi
1071 2952 1143 2988 tale
1158 2952 1356 2989 consilium

351 3008 518 3057 donant,
540 3012 605 3060 qui
626 3012 756 3049 dicunt
777 3013 843 3050 tibi
864 3013 1034 3062 quotidie
1050 3041 1059 3058 ,
1078 3016 1180 3061 Euge
1196 3042 1205 3058 ,
1235 3026 1357 3061 cuge3

351 3076 388 3105 et
408 3080 585 3118 quaerunt
605 3073 769 3109 animam
793 3082 908 3110 tuam.
931 3073 980 3110 lli
1009 3081 1097 3109 sunt
1117 3086 1202 3108 cum
1221 3072 1358 3122 quibus

351 3127 497 3167 habitas
513 3159 522 3176 ‚
551 3145 714 3181 quorum
733 3146 850 3182 prava
868 3133 1057 3183 colloquia
1071 3140 1085 3155 ³
1109 3132 1360 3170 adolescentis

352 3187 475 3227 bonos
495 3203 620 3228 mores
640 3201 905 3243 corrumpunt.

1418 1938 1609 1966 ornatum.
1628 1932 1676 1966 Et
1695 1929 1851 1979 quidam
1873 1930 1968 1966 alius
1990 1937 2143 1966 sanctus
2164 1943 2172 1966 ε
2195 1930 2236 1965 Si
2262 1931 2424 1972 dederit,

1417 1989 1555 2039 inquit,
1570 1991 1664 2025 milei
1676 1993 1864 2026 Dominus
1872 2004 2014 2038 panem
2030 1992 2084 2026 ml
2099 1991 2406 2026 manducandum
2415 2018 2426 2034 ,

1419 2058 1454 2085 et
1468 2054 1729 2085 vestimentum
1751 2064 1824 2098 quo
1838 2049 2024 2098 operc'arss.
2041 2053 2153 2096 Nota,
2177 2063 2247 2099 quo
2264 2054 2426 2099 operiar.

1419 2109 1477 2146 Sic
1496 2122 1586 2158 ergo
1611 2118 1649 2146 et
1667 2123 1737 2146 nos
1757 2110 1929 2146 contenti
1949 2109 2064 2147 simus
2081 2109 2316 2146 vestimentis
2337 2110 2428 2160 qui-

1417 2168 1488 2205 bus
1521 2169 1742 2218 operiamur
1758 2198 1767 2215 ,
1790 2183 1869 2206 non
1891 2169 2030 2219 quibus
2064 2169 2323 2216 lasciviamus,
2350 2182 2428 2207 non

1418 2227 1558 2277 quibus
1595 2228 1880 2279 superbiamus,
1913 2242 1993 2266 non
2028 2229 2169 2279 quibus
2196 2229 2429 2266 mulierculis
2448 2222 2451 2224 ’

1418 2289 1478 2325 vel
1507 2288 1684 2333 similari,
1720 2290 1781 2326 vel
1808 2289 1958 2339 placere
1989 2289 2221 2326 studeamus.
2249 2289 2322 2327 Sed
2357 2289 2430 2326 hoc

1420 2348 1580 2395 faciunt,
1606 2348 1733 2398 inquis
1749 2377 1758 2394 ,
1786 2362 1871 2385 cum
1891 2347 2031 2398 quibus
2047 2348 2200 2395 habito,
2222 2348 2252 2385 si
2272 2361 2352 2385 non
2375 2348 2432 2385 fa-

1419 2409 1477 2445 cio
1500 2409 1603 2459 quod
1623 2409 1768 2455 caeteri,
1787 2408 1834 2445 de
1854 2408 2117 2458 singularitate
2143 2407 2320 2445 notabor.
2339 2411 2432 2446 Pro-

1419 2478 1554 2520 pterea
1570 2498 1580 2515 ,
1609 2470 1764 2518 inquam
1780 2498 1788 2514 ‚
1809 2469 1870 2505 exi
1892 2468 1938 2505 de
1959 2469 2085 2505 medio
2113 2481 2246 2506 eorum
2261 2497 2270 2514 ,
2288 2481 2337 2505 ne
2365 2476 2432 2505 aut

1419 2529 1458 2565 in
1480 2528 1575 2565 urbe
1598 2527 1818 2565 notabiliter
1846 2528 1972 2575 vivas,
2005 2537 2069 2565 aut
2102 2529 2280 2579 exemplo
2296 2541 2430 2579 pereas

1421 2589 1596 2625 aliorum.

1479 2648 1537 2685 12.
1560 2648 1660 2696 Quid
1681 2648 1757 2697 agis
1780 2648 1818 2684 in
1841 2647 1938 2685 urbe
1952 2676 1962 2693 ,
1985 2648 2145 2685 delicate
2166 2648 2298 2686 miles?
2313 2651 2430 2687 Com-

1424 2709 1614 2745 militoncs
1642 2709 1695 2745 tui
1729 2722 1826 2758 quos
1846 2709 1993 2759 fugiens
2017 2708 2237 2755 deseruisti,
2259 2717 2434 2760 pugnant

1423 2777 1459 2805 et
1481 2770 1658 2814 vincunt;
1689 2769 1843 2818 pulsant
1870 2777 1908 2805 et
1936 2769 2098 2815 intrant3
2119 2769 2258 2806 coelum
2280 2769 2434 2819 rapiunt

1423 2837 1461 2864 et
1480 2837 1639 2877 regnant
1664 2843 1671 2864 :
1704 2837 1741 2864 ct
1762 2837 1802 2865 tu
1837 2828 1972 2865 sedens
2001 2841 2118 2878 super
2153 2827 2432 2866 ambulatorem

1424 2898 1530 2925 tuum
1548 2918 1557 2934 ‚
1582 2888 1738 2925 indutus
1759 2902 1930 2939 purpura
1959 2897 1996 2926 et
2021 2888 2159 2938 bysso,
2186 2888 2324 2926 circuis
2347 2889 2434 2938 pla-

1426 2959 1522 2996 teaS,
1543 2949 1647 2985 vicos
1666 2949 1935 2999 perambulas?
1962 2953 2053 2987 Haec
2073 2957 2160 2986 sunt
2186 2949 2290 2999 pacis
2316 2962 2433 2986 orna-

1425 3018 1573 3056 menta,
1608 3022 1685 3046 non
1716 3009 1804 3046 belli
1835 3010 2082 3048 munimenta.
2104 3013 2163 3047 An
2186 3009 2297 3057 dicis,
2319 3011 2435 3055 Ρα.τ,·

1425 3080 1461 3107 et
1479 3085 1552 3106 mm
1575 3079 1627 3106 est
1650 3085 1737 3119 pax
1752 3072 1791 3106 9?
1809 3074 1983 3121 Purpura
2007 3083 2086 3107 non
2118 3067 2320 3120 propulsat
2347 3070 2435 3107 libi-

1427 3131 1551 3167 dinem
1565 3159 1574 3176 ,
1598 3144 1674 3167 non
1695 3130 1914 3181 superbiam
1928 3159 1938 3176 ,
1954 3143 2032 3167 non
2050 3130 2245 3166 avaritiam
2263 3130 2431 3180 repellit;

1427 3191 1514 3228 etsi
1546 3204 1620 3241 qua
1642 3199 1731 3228 sunt
1760 3191 1832 3228 alia
1866 3191 1975 3240 ignea
2003 3190 2144 3226 inimici
2173 3189 2320 3239 jacula,
2356 3203 2434 3227 non

401 3332 410 3348 ¹
428 3330 529 3369 Apoc.
553 3340 612 3366 ιιι,
634 3326 822 3366 15,10.'—
839 3336 851 3352 ²
866 3329 986 3361 Cautio.
1010 3341 1059 3367 xv,
1080 3331 1130 3360 11.
1148 3346 1191 3351 —
1210 3326 1224 3349 3
1242 3328 1452 3365 Eccli.xx1v‚
1469 3330 1522 3358 29.
1541 3344 1585 3349 —-
1607 3325 1620 3351 4
1640 3330 1653 3357 ῐ
1674 3328 1748 3357 Cor.
1768 3338 1807 3364 x,
1825 3323 1961 3358 20.-⁵
1979 3328 2054 3356 Luc.
2073 3336 2150 3361 xvi,
2171 3327 2226 3357 25.
2241 3343 2284 3348 —
2301 3321 2317 3346 ⁶
2337 3327 2430 3358 Prov.

353 3392 439 3417 Yxx,
471 3383 908 3422 8.—271'1·im.x·1‚s.ffl
924 3381 936 3403 ⁸
955 3385 1036 3414 Gen.
1056 3394 1186 3421 xxx-111,
1209 3386 1262 3413 20.
1281 3380 1481 3415 —OEzeclr
1503 3392 1584 3418 xm,
1612 3383 1663 3411 10.

1886 3382 1898 3396 ¹¹
1914 3378 1999 3411 Alias
2011 3402 2018 3416 ‚
2043 3376 2189 3410 consilia.
