2517 3920
359 203 425 217 1-1-

330 205 427 241 1410

1091 202 1125 236 S.
1158 200 1410 235 BERNARDI
1441 197 1643 234 ABBATIS

2313 199 2410 237 147ss

324 279 594 326 habitandum,
623 287 660 315 et
689 277 891 316 Malachias
930 276 969 314 in
1007 278 1227 327 magistrum
1240 307 1249 323 ,
1288 274 1469 313 ad⁶⁶³sed
1485 275 1574 325 quia
1594 288 1658 311 vas
1678 273 1875 311 electionis
1892 273 1963 310 sibi
1983 282 2063 311 erat
2081 274 2143 311 ille
2157 304 2168 322 ,
2189 284 2411 325 portaturus

323 342 469 378 victum
489 340 598 390 panis
621 353 707 376 cum
737 339 812 376 sale
839 348 876 375 et
905 351 1013 388 aqua.
1038 343 1158 375 Porro
1188 337 1234 373 ad
1263 336 1333 372 de-
1352 337 1378 370 A
1401 349 1542 373 nomen
1558 348 1668 372 suum
1687 348 1815 372 coram
1838 334 1992 384 regibus
2011 343 2048 372 et
2066 335 2318 386 principibus.

324 402 427 438 licias
453 399 666 438 sufficiebat
691 399 783 449 Regi
807 399 1000 436 Malacbiae
1018 397 1238 448 praesentia,
1258 396 1335 432 vita

325 472 438 513 atque
455 462 628 499 doctrina
644 490 653 507 ‚
676 461 727 498 ita
746 470 787 497 ut
805 461 948 497 diceret
969 460 1002 497 ei
1027 473 1034 495 ι
1061 462 1185 507 Quam
1207 461 1335 494 dalem

317 522 496 572 faucdms
520 527 612 559 meis
633 525 781 570 eloquia
802 524 890 558 tua!
914 523 1116 569 supermel
1129 523 1185 555 ori
1205 533 1284 554 meo
1308 525 1331 554 ¹.

323 583 382 620 Ad
403 583 482 620 haec
502 595 571 633 per
591 582 758 631 singulas
778 590 910 618 noctes
933 580 1110 629 lacrymis
1132 578 1208 616 suis
1234 587 1332 615 stra-

324 652 403 680 tum
437 656 549 680 suum
579 641 725 691 rigabat
759 655 767 676 :
799 641 863 677 sed
897 650 933 677 et
969 640 1193 691 quotidiano
1225 653 1333 689 aquae

323 704 468 754 frigidae
495 702 634 739 balneo
662 702 760 738 male
787 701 971 737 calentem
998 698 1266 749 exstinguebat
1292 699 1331 735 in

322 777 435 801 carue
461 762 670 799 libidinem.
702 764 748 797 Et
778 774 892 797 orans
914 764 1018 806 Reiz,
1043 773 1128 796 cum
1150 763 1252 808 Rege
1274 757 1332 794 di-

321 824 431 861 cebat
462 839 470 861 ε
508 822 603 858 Vide
645 822 891 856 humilitatem
929 833 1050 855 meam
1088 829 1125 855 et
1167 819 1330 854 laborem

321 899 467 929 meum,
502 893 537 919 et
565 885 711 917 (limine
744 885 915 916 universa
942 882 1079 914 delicta
1109 893 1194 914 mea
1226 884 1250 914 ².
1285 881 1333 914 Et

319 957 396 981 non
429 941 573 979 amovit
601 944 704 977 Deus
733 939 948 975 orationem
982 937 1064 984 ejus
1104 946 1140 983 et
1182 937 1332 974 miseri-

318 1003 486 1040 cordiam
515 1014 622 1038 suam
652 998 699 1036 ab
727 1012 785 1035 eo.
820 1002 867 1035 Et
899 998 1078 1035 exaudita
1117 1006 1174 1034 est
1208 998 1330 1034 oratio

1797 468 1976 507 CAPUT
2005 468 2056 509 V.

1495 584 1600 617 Sorori
1626 582 1780 616 desunetoe
1806 583 1947 615 sacrificii
1968 583 2128 616 oblatione
2148 583 2314 616 succurrit.

1459 701 1516 737 11.
1547 703 1700 736 Mortua
1717 706 1773 736 est
1789 698 1941 735 interim
1963 711 2074 735 soror
2090 697 2173 748 ejus
2193 698 2277 745 illa,
2296 712 2409 749 quam

1400 760 1547 809 praefati
1568 773 1709 796 sumus.
1728 762 1804 796 Nee
1821 758 2098 808 praetereundae
2116 758 2300 805 visiones,
2317 771 2411 808 quas

1399 820 1494 856 vidit
1518 820 1565 855 110
1586 833 1641 856 03.
1673 818 1796 868 Hujus
1825 818 2011 868 siquidem
2041 827 2194 856 sanctus
2220 820 2410 856 carnalem

1399 880 1652 915 exhorruerat
1673 878 1788 914 vitam
1803 906 1812 923 ,
1840 886 1878 914 et
1904 886 2009 914 tanto
2036 879 2117 915 zelo
2132 908 2142 924 ,
2165 887 2206 915 ut
2233 892 2272 916 se
2290 878 2412 916 devo-

1397 939 1497 975 verit
1523 952 1601 975 non
1624 938 1797 974 visurum
1819 951 1901 974 eam
1922 937 1961 974 in
1990 951 2103 975 carne
2132 939 2339 976 viventem.
2362 943 2412 976 At

1397 999 1461 1036 illa
1482 1012 1596 1036 carne
1617 998 1741 1034 soluta
1758 1027 1767 1044 ,
1786 998 1956 1035 solutum
1978 1006 2035 1035 est
2054 1007 2186 1035 votum
2203 1027 2212 1045 ‚
2237 1007 2275 1035 et
2295 999 2412 1049 eoepit

316 1063 417 1112 ejus,
439 1062 507 1099 etsi
529 1074 660 1106 secus,
683 1072 796 1109 quam
820 1059 1037 1095 intenderet
1063 1059 1156 1108 ipse.
1183 1062 1278 1096 Nam
1299 1059 1329 1095 is
1353 1061 1377 1094 B
1399 1060 1529 1096 videre
1570 1059 1607 1096 in
1643 1059 1806 1110 spiritu,
1841 1072 1955 1109 quam
1992 1059 2032 1096 in
2068 1072 2232 1110 corpore
2272 1060 2409 1097 noluit.

314 1124 468 1174 quidem
485 1122 668 1159 sollicitus
692 1129 773 1157 erat
790 1134 862 1170 pro
883 1120 1006 1157 anima
1026 1133 1092 1156 sua
1115 1132 1123 1154 ε
1149 1119 1215 1156 sed
1240 1119 1329 1156 vin—

313 1185 384 1221 dex
416 1182 646 1220 innocentiae
688 1185 815 1227 Deus,
857 1180 1079 1217 hominibus
1125 1179 1329 1217 ostendere

310 1245 444 1282 volens
464 1243 646 1293 quoniam
666 1249 753 1278 sunt
784 1241 954 1291 reliquiae
976 1241 1123 1277 homini
1144 1240 1324 1291 pacifico,

313 1304 471 1355 parabat
498 1304 648 1340 interim
684 1303 804 1338 facere
831 1301 1021 1351 judicium
1048 1300 1227 1350 injuriam
1256 1314 1327 1351 pa-

314 1367 422 1402 tienti
437 1395 445 1411 ,
464 1364 568 1415 quod
592 1365 655 1401 ille
678 1363 831 1414 penitus
853 1377 929 1400 non
963 1362 1152 1413 sperabat.
1175 1366 1222 1399 Et
1249 1376 1328 1399 sus-

311 1427 441 1463 citavit
461 1430 563 1463 Deus
587 1425 762 1475 spit·itum
786 1424 903 1460 vicini
925 1424 1022 1473 regis
1046 1439 1053 1460 :
1080 1437 1205 1473 neque
1224 1424 1325 1460 enim

312 1501 429 1523 unum
446 1495 501 1523 est
514 1485 698 1523 Hibernia
713 1498 872 1534 regnum
888 1515 896 1527 ,
918 1484 983 1521 5011
1003 1485 1123 1521 divisa
1139 1485 1178 1520 in
1199 1485 1322 1534 plura.

312 1548 382 1584 Hic
413 1548 542 1596 itaque
579 1545 715 1582 videns
748 1559 834 1594 quae
872 1546 968 1581 facta
1008 1553 1118 1590 sunt,
1156 1545 1325 1595 repletus

310 1616 365 1643 est
401 1607 482 1643 zelo
517 1620 524 1641 :
559 1614 595 1642 et
627 1606 715 1642 hinc
748 1605 903 1655 quidem
939 1605 1142 1654 indignans
1171 1604 1324 1655 11110110-

310 1682 400 1705 1111111
423 1667 609 1713 libertati,
631 1675 667 1703 et
690 1666 904 1702 insolentiae
930 1665 1186 1715 superborum
1204 1680 1213 1711 ;
1234 1665 1324 1701 inde

308 1742 400 1766 vero
423 1728 606 1765 miserans
628 1727 735 1777 regni
761 1726 1038 1763 desolationem
1060 1734 1098 1762 et
1125 1726 1239 1775 Regis
1256 1726 1322 1762 de-

305 1789 536 1839 jectionem,
569 1788 766 1825 descendit
799 1787 845 1823 ad
886 1787 1061 1824 cellulam
1096 1787 1278 1837 pauperis
1314 1802 1321 1823 ε

1396 1120 1568 1169 Quadam
1587 1128 1700 1156 110010
1721 1119 1867 1156 audivit
1882 1133 1951 1169 per
1969 1120 2162 1157 somnium
2181 1133 2317 1157 vocem
2339 1119 2410 1158 sibi

1396 1181 1575 1227 dicentis,
1597 1194 1768 1217 sororem
1798 1179 1881 1229 ejus
1901 1189 2000 1217 stare
2026 1181 2126 1217 foras
2155 1180 2194 1217 in
2223 1180 2320 1217 atrio
2336 1209 2346 1227 ,
2374 1189 2411 1218 et

1394 1254 1481 1278 ecce
1509 1254 1579 1291 per
1600 1249 1700 1277 totos
1723 1241 1878 1290 triginta
1898 1240 1978 1277 dies
2006 1241 2100 1277 nihil
2130 1249 2324 1291 gustasse:
2343 1241 2409 1291 qui

1395 1303 1578 1352 evigilans
1604 1301 1679 1338 cito
1697 1302 1899 1348 intellexit,
1922 1301 2031 1351 cujus
2048 1316 2143 1339 escae
2161 1302 2289 1339 inedia
2309 1315 2408 1339 mar-

1395 1373 1510 1400 ceret.
1545 1367 1591 1400 Et
1623 1362 1825 1412 diligenter
1855 1362 2026 1400 discusso
2061 1376 2224 1406 numero
2259 1362 2406 1400 dierum

1394 1438 1507 1475 quem
1525 1424 1722 1470 audierat,
1739 1424 1863 1474 ipsum
1883 1437 1965 1460 esse
1982 1424 2126 1474 reperit
2141 1453 2151 1470 ,
2169 1437 2217 1460 ex
2237 1437 2315 1473 quo
2335 1437 2408 1474 pro

1394 1500 1437 1523 ca
1458 1490 1599 1523 'Panem
1628 1485 1675 1521 de
1697 1485 1793 1521 coelo
1822 1484 1953 1521 vivum
1975 1497 2053 1521 non
2074 1483 2287 1521 obtulisset.
2309 1488 2403 1521 Tum

1392 1547 1456 1584 ille
1475 1547 1540 1597 qui
1564 1546 1707 1583 sororis
1723 1559 1800 1582 non
1819 1545 1985 1583 animam
2004 1545 2160 1592 oderat,
2178 1544 2244 1582 sed
2272 1558 2408 1595 pecca—

1394 1617 1472 1644 tum
1490 1624 1498 1655 3
1517 1607 1810 1644 beneficentiam
1829 1635 1838 1652 ‚
1863 1620 1979 1656 quam
2008 1606 2291 1652 intermiserat,
2314 1619 2404 1643 rur-

1391 1682 1473 1705 sum
1502 1669 1686 1705 adoritur.
1715 1671 1848 1717 Neque
1878 1667 2028 1704 frustra.
2058 1671 2143 1705 Non
2167 1667 2289 1703 multo
2318 1675 2407 1717 post

1390 1730 1470 1766 visa
1493 1737 1549 1765 est
1569 1729 1622 1765 illi
1643 1728 1863 1778 pervenisse
1890 1727 1937 1764 ad
1959 1728 2076 1764 limen
2098 1727 2264 1764 ecclesiae
2279 1756 2289 1773 ,
2313 1740 2405 1764 nec-

1392 1790 1481 1826 dum
1511 1799 1636 1826 tamen
1671 1802 1783 1839 posse
1806 1788 1972 1835 intrare3
2001 1801 2188 1839 apparere
2220 1788 2335 1825 etiam
2366 1788 2404 1825 in

310 1850 443 1887 suadet
463 1850 649 1894 reditum,
671 1848 737 1885 sed
767 1861 844 1884 non
873 1847 1091 1898 persuadet.
1114 1851 1234 1884 Instat
1265 1856 1319 1883 13-
1346 1848 1373 1884 C
1394 1858 1496 1886 veste
1516 1850 1634 1899 pulla.
1668 1852 1841 1898 Cumque
1872 1848 1935 1885 ille
1955 1856 2243 1898 perseveraret,
2266 1862 2405 1885 curans
2457 1898 2460 1903 “

309 1925 420 1957 111011,
449 1910 614 1961 spondet
635 1922 769 1960 opem,
793 1908 839 1945 de
869 1908 1008 1944 effectu
1042 1921 1120 1944 non
1150 1907 1326 1945 diffidere

310 1980 464 2017 monet3
505 1975 627 2008 Deum
663 1970 872 2006 affuturum
903 1968 1117 2019 promittit,
1153 1968 1213 2004 0111
1246 1981 1324 2004 11011

309 2040 492 2081 poterunt
521 2030 693 2067 resistere
725 2042 858 2066 omnes
881 2028 1088 2065 adversarii
1109 2027 1202 2077 ejus.
1227 2031 1325 2064 Pro-

306 2092 418 2141 ponit
442 2092 553 2127 etiam
575 2090 865 2140 oppressionem
883 2089 1107 2138 ‘pauperum
1126 2116 1135 2134 ,
1161 2089 1322 2138 11311100-

309 2166 384 2202 (1110
402 2152 674 2196 vastationem,
691 2159 728 2186 et
751 2163 828 2186 non
850 2149 1013 2200 prolicit.

369 2213 426 2249 10.
458 2214 643 2249 Caeterum
672 2210 877 2247 accedente
895 2210 1076 2247 mandato
1097 2210 1267 2261 episcopi
1287 2220 1323 2247 et

309 2273 504 2311 Malacliiae
543 2271 702 2309 consilio
719 2299 728 2316 ,
768 2271 814 2307 de
853 2269 993 2321 quibus
1031 2271 1094 2308 ille
1131 2271 1324 2321 pendebat

310 2342 413 2370 totus
429 2363 439 2379 ,
475 2333 538 2369 vix
572 2331 726 2369 tandem
762 2332 979 2381 acquiescit.
1020 2333 1203 2381 Sequitur
1241 2336 1321 2369 Rex

309 2398 477 2444 Regem,
510 2403 546 2430 et
564 2392 674 2442 juxta
706 2392 867 2429 verbum
893 2393 1008 2442 Regis
1025 2422 1034 2439 ,
1066 2393 1165 2429 sicut
1200 2393 1324 2430 suerat

308 2455 487 2491 voluntas
507 2454 547 2491 in
574 2454 671 2490 coelo
688 2482 696 2497 ,
725 2462 804 2490 tota
825 2453 1001 2490 facilitate
1025 2453 1144 2503 pulsis
1170 2453 1323 2503 11130110-

309 2514 445 2560 nibus,
466 2514 661 2551 reducitur
677 2513 794 2551 homo
812 2513 849 2549 in
872 2527 937 2550 sua
959 2527 1045 2550 cum
1067 2514 1322 2551 exsultatione

309 2589 465 2612 suorum
480 2605 490 2622 ,
513 2587 709 2624 regnoque
738 2574 951 2611 restituitur
971 2588 1052 2611 suo.
1088 2575 1231 2611 Dilexit
1255 2588 1322 2611 ex-

1393 1923 1441 1946 ne
1467 1923 1543 1959 qua
1571 1909 1632 1945 die
1662 1909 1773 1946 solita
1799 1908 1897 1959 stipe
1927 1908 2202 1955 frustraretur3
2235 1908 2405 1946 secundo

1391 1967 1487 2004 vidit
1504 1981 1585 2004 03111
1609 1967 1647 2004 111
1677 1975 1783 2004 veste
1805 1966 2066 2014 subcandida;
2093 1967 2295 2005 admissam
2316 1968 2404 2018 qui-

1392 2027 1477 2065 dem
1501 2028 1601 2065 intra
1619 2028 1837 2073 ecclesiam,
1862 2027 1928 2064 sed
1944 2028 2062 2064 altare
2084 2027 2305 2077 contingere
2326 2042 2403 2066 non

1390 2088 1573 2137 permitti.
1592 2088 1720 2124 Tertio
1740 2087 1894 2124 tandem
1911 2087 1992 2124 visa
2008 2095 2064 2124 est
2080 2088 2275 2138 aggregari
2289 2089 2402 2126 coetui

1391 2148 1680 2185 candidatorum
1693 2177 1702 2194 ,
1720 2148 1804 2185 etin
1819 2156 1924 2185 veste
1939 2147 2110 2185 candida.
2122 2147 2249 2194 Vides,
2265 2148 2400 2194 lector,

1391 2218 1577 2259 quantum
1606 2210 1729 2246 valeat
1746 2209 1968 2260 deprecatio
1985 2208 2080 2259 justi
2104 2209 2283 2246 assidua?
2305 2212 2402 2247 Vere

1391 2283 1550 2319 regnum
1571 2270 1756 2306 coelorum
1783 2270 1860 2306 vim
1894 2270 2059 2320 patitur,
2091 2277 2128 2306 et
2149 2269 2309 2306 violenti
2338 2282 2401 2306 ra-

1390 2331 1502 2381 piunt
1528 2330 1635 2367 illud.
1663 2334 1798 2368 Nonne
1826 2330 1894 2367 tibi
1914 2330 2069 2367 videtur
2087 2330 2282 2367 Malaehiae
2310 2343 2401 2367 ora-

1391 2392 1443 2428 tio
1473 2391 1594 2429 vicem
1625 2391 1913 2442 quodammodo
1945 2390 2158 2428 effractoris
2187 2389 2401 2428 exhibuisse

1390 2451 1608 2490 coelestibus
1625 2452 1765 2502 portis,
1783 2451 1939 2502 quando
1956 2451 2150 2502 peccatrix
2169 2451 2308 2488 mulier
2325 2451 2401 2487 fra-

1390 2512 1508 2549 ternis
1525 2511 1692 2548 obtinuit
1712 2512 1828 2549 armis
1844 2541 1853 2557 ,
1873 2511 1979 2562 quod
2006 2511 2084 2549 suis
2113 2511 2259 2548 meritis
2287 2524 2399 2561 nega-

1389 2572 1531 2610 batur?
1548 2576 1658 2609 Hanc
1680 2573 1759 2609 vim
1776 2602 1785 2620 ,
1812 2576 1902 2610 Jesu
1933 2571 2035 2609 bone
2049 2601 2059 2618 ‚
2088 2581 2129 2609 tu
2149 2572 2216 2622 qui
2232 2571 2373 2622 pateris
2388 2601 2399 2619 ,

310 2644 399 2671 tunc
428 2639 511 2672 Rex
538 2635 630 2681 ille,
651 2643 688 2671 et
717 2648 868 2684 semper
889 2635 1078 2671 reveritus
1113 2643 1170 2672 est
1198 2636 1319 2673 111313-
1340 2631 1500 2680 Dfacis,
1528 2633 1676 2670 validus
1708 2642 1746 2670 et
1774 2632 1861 2683 pius
1895 2633 1943 2670 ad
1975 2632 2201 2670 salvandum
2219 2662 2230 2680 ,
2260 2632 2399 2670 faciens

309 2695 431 2731 elliam
469 2710 477 2732 :
515 2708 639 2745 eoque
678 2695 907 2745 propensius
923 2724 932 2741 ,
973 2708 1049 2744 quo
1089 2695 1241 2745 plenius
1280 2696 1318 2732 in

309 2762 439 2790 saneto
469 2755 554 2791 viro
579 2754 693 2804 digna
718 2754 966 2790 veneratione
988 2762 1025 2790 et
1053 2768 1183 2791 amore
1214 2769 1321 2791 com—

308 2822 470 2861 pererat.
495 2812 612 2862 Cujus
639 2813 741 2849 enim
769 2822 911 2849 tantam
942 2814 1082 2850 meruit
1102 2814 1141 2850 in
1160 2827 1226 2850 sua
1252 2814 1320 2850 ad-

312 2873 489 2909 versitate
520 2874 835 2919 familiaritatem,
871 2874 1108 2911 sanctitatem
1141 2874 1319 2924 ignorare

310 2944 387 2967 non
406 2933 543 2982 potuit.
560 2937 767 2984 Propterea
785 2935 902 2984 magis
919 2935 957 2971 in
975 2948 1041 2971 sua
1064 2935 1319 2984 prosperitate

309 2992 506 3041 perpetuis
537 2992 643 3029 illum
675 2995 874 3040 amicitiis,
908 2995 1133 3045 devotisque
1169 2995 1320 3033 colebat

307 3050 501 3101 obsequiis
515 3081 525 3098 ,
543 3060 580 3088 et
599 3052 762 3090 libenter
790 3054 969 3092 audiebat
984 3069 1072 3092 eum
1087 3085 1096 3103 ,
1119 3064 1156 3093 et
1185 3057 1315 3095 audito

305 3123 352 3148 eo
369 3113 488 3148 multa
509 3111 679 3149 faciebat.
701 3116 749 3150 Et
771 3113 817 3150 de
840 3115 898 3152 1115
918 3116 1017 3153 53115.
1039 3120 1314 3155 Verumtamen

302 3184 381 3208 non
411 3172 571 3209 fortuitu
600 3172 744 3209 factum
773 3186 882 3220 reor,
914 3175 1019 3224 quod
1046 3176 1099 3213 ita
1114 3175 1195 3225 jam
1222 3185 1313 3215 tunc

301 3232 556 3282 magnificavit
570 3246 657 3270 eum
673 3233 863 3270 Dominus
877 3234 914 3270 in
933 3245 1140 3286 conspectu
1158 3250 1308 3288 regum:

352 3367 361 3382 ¹
378 3362 459 3392 Psal.
474 3373 579 3392 cxvxn
597 3386 606 3404 ‚
630 3365 706 3395 103.
725 3380 769 3385 —
790 3369 801 3384 ²
820 3362 900 3395 Psal,
918 3373 1014 3404 xxiv,
1039 3365 1089 3394 18.

1388 2693 1686 2731 misericordiam
1708 2701 1746 2730 et
1769 2693 1980 2743 potentiam
2012 2694 2051 2730 in
2074 2692 2232 2730 brachio
2251 2699 2320 2730 tuo
2335 2721 2345 2739 ,
2361 2700 2399 2729 et

1387 2754 1425 2790 in
1447 2757 1692 2792 Sacramento
1713 2762 1780 2790 tuo
1801 2767 1887 2791 serv
1941 2767 1959 2791 s
1979 2754 2118 2791 sanctis
2140 2754 2206 2803 qui
2231 2753 2270 2790 in
2298 2761 2398 2790 terra

1387 2823 1500 2862 sunt,
1522 2828 1644 2865 usque
1672 2815 1711 2851 in
1739 2761 2112 2852 consssationem
2143 2814 2284 2851 saeculi.
2314 2817 2397 2852 Hoc

1387 2875 1501 2925 plane
1517 2877 1802 2912 Sacramentum
1820 2884 1958 2926 potens
1974 2883 2130 2926 peccata
2147 2888 2374 2912 consumere
2385 2903 2396 2922 ,

1387 2934 1580 2972 debellare
1594 2935 1727 2973 obvias
1745 2944 1967 2987 potestates,
1982 2936 2124 2974 inferre
2143 2935 2247 2973 coelis
2266 2948 2396 2973 rever-

1387 3003 1510 3034 tentes
1530 2995 1576 3033 de
1597 3004 1709 3033 terra.
