2517 3936
111 222 208 261 1349
639 225 927 262 TRACTATUS
957 227 1021 262 DE
1051 226 1333 263 ERRORIBUS
1363 229 1657 265 ABAELARDI.
2083 234 2180 270 13:30

105 301 153 338 sit
173 315 182 337 :
205 313 282 338 non
306 307 431 337 tamen
456 301 486 337 si
519 315 568 338 aes
595 302 666 348 sit,
695 304 906 340 necessario
939 300 1278 353 sequitui-‘'ffiabsit
1304 312 1344 340 ut
1371 313 1548 353 putemus
1569 306 1603 341 in
1625 306 1696 342 lide
1717 309 1773 343 vol
1793 322 1858 357 spe
1875 318 2001 346 nostra
2019 311 2179 360 aliquid,

106 369 150 397 ut
168 360 332 410 sigillum
350 374 488 398 :ereum
506 362 563 399 sit.
587 362 748 411 Scdjam
768 377 969 414 pergamus
988 364 1034 400 ad
1050 377 1112 400 re-
1131 361 1157 393 Α
1182 371 1221 399 ut
1248 363 1278 400 is
1308 372 1441 413 putat,
1474 364 1588 401 dubia
1617 366 1860 403 :rstiinationc
1890 369 2121 417 pcndnlmn3
2144 379 2181 405 ct

107 419 222 469 liqna.

161 480 198 516 8.
229 482 286 516 En
309 478 418 529 jttxta
451 480 563 517 istum
589 480 772 517 habemus
794 483 1113 532 omnipotentiam

106 541 144 577 in
167 545 300 587 Patre,
322 541 525 591 quamdam
556 543 767 592 potentiam
792 542 830 578 in
857 543 951 580 Filio
979 558 986 579 :
1016 543 1116 579 dicat

106 600 218 639 nobis
237 602 349 639 etiam
368 602 414 638 de
429 602 571 653 Spiritu
588 611 721 639 sancto
740 603 831 652 qnid
848 603 995 639 sentiat.
1018 619 1031 634 (ι
1049 606 1116 639 Be.-

109 679 124 695 »
147 663 310 712 nignitas
341 663 442 712 ipsa,
473 680 487 695 υ
518 662 664 711 inquit,
698 679 711 694 α
741 676 825 711 qum
857 663 928 698 hoc
959 663 1115 699 nomine

108 740 124 756 υ
143 723 248 773 quod
273 731 329 760 est
348 723 510 773 Spiritus
530 731 683 758 sanctus
704 721 991 759 demonstratur
1005 750 1013 766 ‚
1038 735 1116 758 non

108 799 124 815 ν
143 791 200 820 est
221 783 261 820 in
284 786 364 820 Deo
387 783 582 833 potentia,
603 782 682 819 sive
708 782 932 832 sapientia¹.
956 800 970 815 υ
997 781 1116 820 Vide-

106 843 195 881 bam
238 852 407 881 satanam
451 852 632 893 tanquam
672 843 800 893 fulgur
831 843 1028 880 cadentem
1070 842 1117 879 de

106 903 203 941 coelo
218 909 246 941 ².
277 903 338 942 sic
364 902 479 940 debet
498 903 653 951 cadere,
677 904 744 953 qui
764 902 935 940 ambulat
963 903 1003 939 in
1034 916 1115 940 ma-

106 963 192 1013 gnis
219 972 257 1001 et
276 962 515 1000 mirabilibus
540 977 657 1014 super
681 976 731 1000 se.
753 963 884 1010 Vides,
899 967 1010 1001 Pater
1027 976 1116 999 san-

108 1033 194 1072 cte,
232 1038 327 1075 quas
369 1025 487 1062 scalas
508 1054 518 1071 ,
551 1025 630 1061 imo
671 1038 756 1074 quae
792 1024 1003 1074 praecipitia
1046 1024 1117 1061 iste

1184 438 1259 462 non
1296 425 1412 475 magis
1446 433 1565 460 totum
1594 425 1695 473 quod
1720 426 1754 461 in
1778 440 1819 462 ca
1837 436 1891 463 cst
1906 457 1915 472 ,
1935 438 2034 464 ccrta
2055 444 2095 464 ac
2116 443 2179 465 so-

1182 486 1256 522 lida
1282 486 1439 522 veritat(-
1472 484 1704 529 subnixum,
1740 486 1902 521 oraculis
1930 495 1966 522 ct
1993 489 2180 525 miraculis

1182 547 1365 583 divinitus
1395 558 1643 595 persuasum,
1675 544 1880 581 stabilitum
1914 554 1949 581 et
1982 560 2181 584 consecra-

1183 615 1262 642 tum
1298 615 1410 655 partu
1450 605 1640 654 Virginis,
1680 606 1860 653 sanguine
1895 606 2182 655 Redemptoris,

1182 666 1301 714 gloria
1340 665 1582 714 resurgentis.
1620 665 1851 701 Testimonia
1887 665 1955 701 ista
1990 665 2183 702 credibilia

1184 725 1280 761 facta
1310 734 1398 762 sunt
1418 726 1541 761 nimis.
1564 726 1694 775 siquo
1723 726 1848 762 minus
1863 755 1872 771 ,
1895 726 1974 775 ipse
1991 734 2186 775 postremo

1184 787 1345 837 Spiritus
1385 786 1508 824 reddit
1546 787 1805 823 testimonium
1843 787 1992 836 spiritui
2030 796 2187 833 nostro,

1184 847 1289 896 quod
1327 848 1391 883 filii
1425 848 1495 884 Dei
1533 860 1673 884 snmus.
1709 847 1913 895 Quomodo
1947 859 2037 895 crgo
2076 847 2186 883 lidem

1184 907 1269 956 quis
1299 907 1412 944 audet
1433 907 1558 943 dicere
1590 907 1875 943 aestimationem
1892 936 1901 953 ,
1923 906 1994 942 nisi
2014 906 2079 955 qui
2104 907 2188 956 Spi-

1184 968 1298 1004 ritum
1331 969 1442 1005 istum
1473 967 1643 1019 nondum
1672 968 1842 1017 accepit,
1873 966 1986 1016 quive
2014 970 2188 1016 Evange-

1183 1028 1274 1064 Iium
1305 1037 1369 1065 ant
1395 1029 1567 1078 ignoret,
1590 1036 1652 1064 aut
1680 1027 1843 1064 fabulam
1873 1028 2007 1077 putet?
2025 1028 2107 1062 Scio
2129 1032 2189 1062 cui

108 1084 180 1122 sibi
204 1086 397 1135 paraverit
424 1085 471 1122 ad
497 1085 658 1122 ruinam.
682 1084 1008 1134 Omnipotentiam
1024 1113 1033 1130 ,
1056 1097 1115 1121 se·
1134 1087 1161 1120 B
1182 1091 1343 1132 credidi,
1369 1099 1404 1125 et
1428 1099 1544 1124 certus
1568 1102 1647 1124 sum
1662 1118 1671 1133 ‚
1702 1089 1835 1124 clamat
1858 1087 2063 1137 Apostolus
2078 1085 2091 1107 ⁵
2117 1101 2124 1123 :
2153 1094 2190 1122 et

109 1146 396 1196 impotentiam,
434 1146 578 1182 nullam
614 1145 839 1195 potentiam.
869 1149 958 1195 Ipso
986 1143 1118 1180 auditu

108 1206 274 1253 horreo,
300 1215 338 1244 et
360 1207 486 1257 ipsum
512 1207 714 1243 horrorem
745 1214 839 1256 puto
866 1206 1041 1242 sufficere
1072 1204 1120 1241 ad

110 1266 375 1304 refellendum.
403 1271 674 1305 Verumtamen
707 1267 969 1304 testimonium
993 1278 1120 1316 pono,

110 1326 217 1376 quod
243 1326 396 1364 turbato
415 1327 569 1364 interim
590 1328 758 1364 occurrit
774 1327 821 1364 ad
843 1326 1117 1364 removendam

109 1387 273 1437 Spiritus
292 1388 412 1425 sancti
435 1387 628 1437 injuriam.
657 1392 701 1426 In
726 1388 822 1426 Isaia
851 1388 1006 1437 legitur,
1029 1388 1118 1435 Spe·-

112 1452 204 1484 ritus
217 1452 432 1497 εαρίεηιὶαε,
449 1451 609 1498 Spiritus
618 1448 862 1496 fortitudinis
876 1447 890 1471 3
904 1465 913 1496 ;
931 1462 1001 1499 per
1015 1446 1120 1498 quod

112 1509 245 1559 utique
261 1509 351 1546 satis
367 1518 498 1560 aperte
513 1510 620 1547 istius
636 1510 794 1547 audacia
807 1538 816 1555 ,
830 1509 901 1547 etsi
915 1522 992 1546 non
1009 1522 1122 1545 com—

112 1569 316 1619 primitur,
335 1569 580 1607 convincitur
608 1579 748 1608 tamen.
771 1574 802 1608 Ο
824 1571 955 1620 lingua
972 1569 1122 1618 magni-

113 1628 246 1678 loqua!
263 1632 354 1666 Esto
374 1638 416 1666 ut
429 1629 568 1679 injuria
586 1630 669 1668 Filii
691 1631 751 1667 vel
772 1630 891 1667 Patris
909 1629 1126 1666 remittatur

114 1688 183 1725 tibi
203 1704 212 1727 :
235 1689 422 1740 numquid
441 1689 678 1740 blasphemia
698 1690 884 1740 Spiritus?
901 1693 1031 1727 Manet
1055 1701 1125 1724 an-

113 1749 220 1799 gelus
249 1750 424 1797 Domini,
458 1751 525 1800 qui
566 1758 669 1787 secet
708 1759 744 1787 te
777 1750 946 1787 medium
968 1764 976 1785 :
999 1747 1127 1785 dixisti

114 1809 264 1856 enim,«
287 1813 373 1847 Non
390 1817 447 1847 est
469 1809 633 1860 Spiritus
653 1818 806 1847 sanctus
825 1810 864 1846 in
884 1813 967 1846 Deo
988 1816 1127 1858 poten-

1188 1157 1227 1184 tu
1260 1148 1350 1184 mihi
1377 1147 1594 1192 subsibilas,
1630 1166 1643 1179 (ι
1677 1148 1785 1185 Fides
1820 1155 1875 1183 est
1914 1146 2147 1183 aestimatio?
2173 1164 2187 1178 »

1187 1212 1242 1245 Tu
1259 1208 1348 1244 mihi
1368 1207 1583 1256 ambiguum
1604 1208 1719 1256 garris
1733 1236 1742 1253 ,
1761 1220 1837 1256 quo
1852 1206 1943 1243 nibil
1964 1215 2017 1242 est
2034 1207 2186 1243 certius.

1189 1267 1261 1305 Sed
1291 1268 1524 1316 Augustinus
1557 1267 1665 1303 aliter
1693 1281 1700 1303 τ
1731 1283 1745 1297 e<
1777 1265 1905 1311 Fides,
1938 1283 1952 1298 »
1979 1266 2050 1310 ait,
2072 1283 2085 1297 «
2113 1278 2189 1301 non

1188 1350 1201 1364 υ
1225 1328 1476 1377 conjectando
1508 1328 1566 1363 vel
1593 1327 1786 1376 opinando
1810 1326 1973 1362 habetur
2003 1326 2041 1362 in
2076 1326 2190 1362 corde

1188 1410 1202 1425 »
1222 1391 1261 1427 in
1287 1402 1363 1439 quo
1393 1396 1468 1433 est,
1493 1386 1539 1423 ab
1559 1400 1604 1423 eo
1635 1386 1741 1435 cujus
1762 1394 1836 1432 est,
1858 1386 1922 1422 sed
1944 1393 2044 1422 certa
2066 1386 2189 1422 scien-

1192 1470 1204 1484 υ
1226 1451 1276 1487 tia
1301 1478 1310 1494 ‚
1344 1448 1573 1485 acclamante
1607 1446 1847 1483 conscientia.
1881 1464 1896 1478 υ
1928 1445 2036 1483 Absit
2076 1459 2191 1495 ergo,

1189 1510 1286 1549 absit
1313 1517 1355 1545 ut
1380 1508 1449 1544 hos
1472 1508 1564 1543 fines
1588 1506 1678 1543 fides
1704 1505 1841 1543 habeat
1863 1506 2074 1542 christiana.
2098 1509 2194 1541 Aca-

1191 1570 1427 1608 demicorum
1448 1567 1524 1604 sint
1543 1566 1622 1603 istae
1643 1566 1909 1603 aestimationes
1925 1594 1933 1610 ,
1954 1578 2117 1615 quorum
2139 1572 2194 1600 est

1193 1628 1369 1667 dubitare
1390 1626 1436 1662 de
1457 1625 1653 1670 omnibus,
1676 1626 1771 1662 scire
1792 1625 1896 1661 nihil.
1920 1628 2000 1673 Ego
2025 1637 2117 1660 vero
2135 1635 2194 1659 se-

1193 1702 1308 1727 curus
1328 1688 1366 1724 in
1396 1686 1565 1736 Magistri
1593 1686 1771 1724 Gentium
1802 1685 2024 1721 sententiam
2053 1697 2193 1733 pergo,

1193 1759 1231 1787 et
1256 1749 1332 1786 scio
1362 1747 1543 1797 quoniam
1573 1759 1650 1782 non
1681 1744 1904 1781 confundar.
1930 1744 2057 1781 Placet
2079 1743 2197 1789 mihi,

1195 1811 1338 1854 fateor,
1360 1807 1462 1844 illius
1495 1805 1541 1842 de
1572 1805 1645 1841 fide
1673 1805 1864 1850 definitio,
1894 1805 1961 1841 etsi
1990 1805 2058 1840 iste
2088 1803 2199 1839 etiam

116 1886 131 1902 υ
153 1869 224 1916 tia,
242 1869 321 1907 sive
341 1869 538 1920 sapientia.
556 1887 571 1904 »
591 1873 650 1907 Ita
664 1883 731 1920 pes
747 1868 937 1920 superbiae
952 1868 1026 1905 ruit
1043 1880 1129 1904 cum
1150 1867 1177 1903 C
1197 1871 1317 1921 ipsam
1333 1869 1494 1904 latenter
1507 1866 1712 1902 insimulet.
1732 1867 1844 1901 Fides
1858 1874 1928 1909 est,
1944 1865 2012 1910 ait,
2032 1863 2202 1899 substan-

116 1928 238 1967 irruit.

487 2049 666 2089 CAPUT
695 2050 766 2090 IV.

118 2179 247 2212 Refellit
269 2179 485 2211 definitionem
508 2178 603 2218 fidei,
632 2190 695 2221 qua
717 2179 792 2210 dicit
811 2179 1009 2211 Aba-etardus
1034 2178 1130 2209 fidem

448 2245 515 2266 esse
545 2234 793 2266 aestimationem.

174 2358 212 2395 9.
241 2360 320 2394 Nec
346 2356 486 2393 mirum
515 2355 544 2394 si
569 2355 709 2402 homo,
727 2355 793 2405 qui
814 2368 892 2392 non
913 2362 1021 2392 curat
1048 2367 1133 2404 quae

122 2416 243 2464 dicat,
272 2417 424 2453 irruens
449 2416 488 2453 in
517 2429 656 2453 arcana
682 2416 794 2461 fidei,
818 2416 1016 2452 thesauros
1045 2413 1134 2450 abs-

122 2475 302 2513 conditos
331 2475 483 2526 pietatis
510 2483 586 2512 tam
621 2475 876 2512 irreverenter
903 2473 1050 2510 invadit
1078 2481 1137 2509 at-

122 2549 198 2586 que
230 2535 437 2586 discerpit3
469 2549 556 2573 cum
587 2535 635 2572 de
665 2536 747 2586 ipsa
776 2536 915 2586 pietate
947 2534 1037 2571 fidei
1066 2546 1137 2570 nec

124 2599 207 2648 pie,
243 2609 314 2633 nec
347 2596 512 2633 fideliter
540 2596 691 2633 sentiat.
723 2596 899 2646 Denique
932 2595 971 2631 in
1007 2594 1134 2644 primo

1193 1936 1248 1967 lia
1263 1944 1345 1966 reru
1354 1943 1385 1964 m
1403 1928 1694 1976 sperandarum,
1712 1933 1970 1974 (ll'glcmelltlllll
1986 1937 2058 1959 lion
2076 1936 2200 1971 (11)Ρο-

1196 1996 1354 2029 rentium
1372 1988 1399 2026 5.
1425 1988 1661 2031 Substantia,
1685 1986 1828 2035 inquit,
1852 1998 1971 2021 rerum
1992 1985 2202 2033 speranda-

1196 2066 1295 2098 rum,
1334 2063 1412 2087 non
1447 2049 1618 2085 inanium
1654 2046 1852 2096 phantasia
1884 2044 2200 2094 conjecturarum.

1195 2112 1314 2152 Audis
1328 2109 1591 2149 substantiam.
1613 2111 1696 2144 Non
1716 2107 1802 2143 licet
1817 2104 1883 2142 tibi
1903 2105 1941 2141 in
1960 2103 2032 2140 fide
2050 2112 2201 2153 putare,

1195 2174 1255 2211 vel
1283 2172 1477 2222 disputare
1500 2181 1571 2220 pro
1594 2167 1726 2212 libitu;
1753 2179 1830 2202 non
1851 2165 1920 2201 hac
1947 2164 2107 2212 illacque
2133 2176 2204 2199 va-

1197 2233 1276 2284 gari
1302 2245 1370 2283 per
1395 2229 1521 2266 inania
1540 2227 1763 2277 opinionum
1776 2254 1784 2270 ‚
1805 2238 1872 2274 per
1889 2223 1997 2260 devia
2014 2235 2200 2259 errorum.

1199 2291 1424 2332 Substantiae
1442 2288 1598 2326 nomine
1613 2285 1753 2336 aliquid
1769 2284 1835 2321 tibi
1850 2291 1993 2320 certum
2010 2283 2203 2331 fixumque

1200 2351 1412 2403 praefigitur
1433 2365 1440 2386 :
1460 2348 1571 2386 certis
1594 2345 1777 2383 clauderis
1797 2342 1956 2388 finibus,
1975 2342 2085 2378 certis
2103 2341 2203 2377 limi-

1204 2412 1304 2449 tibus
1327 2409 1543 2448 coarctaris.
1570 2411 1652 2444 Non
1674 2413 1730 2442 est
1752 2403 1850 2439 enim
1870 2402 1961 2438 fides
1983 2400 2201 2445 aestimatio‚

1203 2472 1269 2510 sed
1287 2470 1488 2509 certitudo.

1260 2533 1320 2570 10.
1351 2530 1424 2568 Sed
1451 2527 1635 2565 advertite
1660 2532 1806 2560 caetera.
1824 2521 1966 2559 Omitto
1989 2519 2093 2569 quod
2111 2518 2203 2555 dicit

1202 2592 1379 2643 spiritum
1398 2587 1543 2625 timoris
1563 2584 1717 2623 Domini
1735 2595 1810 2619 non
1830 2581 1941 2617 fuisse
1958 2581 1997 2616 in
2013 2579 2178 2616 Domino
2194 2593 2204 2624 3

125 2657 256 2694 limine
275 2656 510 2706 Theologiae‚
536 2657 597 2693 vel
627 2656 758 2707 potius
789 2655 1012 2705 stultilogiae
1038 2667 1138 2696 suae,
1160 2653 1194 2686 D
1210 2652 1384 2688 timorem
1412 2646 1564 2685 Domini
1586 2652 1727 2681 castum
1754 2641 1791 2676 in
1820 2640 1948 2676 futuro
1971 2638 2108 2675 saeculo
2129 2649 2206 2673 non

125 2717 241 2753 fidem
271 2715 404 2753 definit
429 2716 722 2753 aestimationem
740 2716 767 2752 4.
794 2715 911 2764 Quasi
933 2715 1073 2764 cuique
1098 2715 1137 2750 in

125 2791 171 2815 ea
190 2777 332 2814 sentire
352 2785 390 2814 et
416 2777 523 2826 loqui
548 2789 633 2826 quae
661 2775 779 2813 libeat
803 2776 934 2822 liceat,
955 2784 1020 2812 aut
1039 2788 1138 2825 pen-

125 2837 240 2874 deant
259 2836 330 2874 sub
349 2836 498 2874 incerto
515 2836 554 2872 in
571 2835 676 2885 vagis
693 2849 735 2872 ac
754 2836 868 2872 variis
889 2834 1139 2886 opinionibus

125 2905 266 2934 nostrae
283 2896 372 2934 fidei
392 2905 646 2942 sacramenta,
665 2905 703 2933 et
719 2909 798 2933 non
816 2896 934 2945 magis
954 2904 1058 2932 certa
1077 2909 1137 2932 ve-

42 2951 48 2984 ³·
74 2967 77 2970 '
127 2958 237 2995 ritate
257 2956 477 2994 subsistant.
498 2960 636 2994 Nonne
652 2957 684 2993 si
701 2957 862 2993 fluctuat
881 2956 974 2993 fides
986 2985 995 3002 ,
1013 2956 1138 2992 inanis

128 3027 186 3056 est
201 3026 240 3055 et
256 3031 342 3069 spes
361 3020 519 3055 nostra?
539 3018 653 3056 Stulti
674 3030 765 3067 ergo
784 3025 972 3066 martyres
992 3016 1138 3062 nostri,

131 3078 362 3116 sustinentes
378 3086 455 3114 tam
472 3076 610 3115 acerba
628 3085 789 3128 propter
805 3077 962 3122 incerta,
981 3089 1051 3112 nec
1069 3075 1140 3112 du-

129 3137 295 3175 bitantes
317 3136 388 3174 sub
406 3136 524 3174 dubio
546 3136 867 3174 remunerationis
886 3135 1046 3186 praemio
1068 3134 1143 3171 du-

133 3211 218 3235 rum
236 3210 306 3249 per
321 3198 466 3234 exitum
491 3197 715 3234 diuturnum
738 3197 834 3234 inire
855 3196 1042 3233 exsilium.
1071 3194 1143 3232 Sed

1206 2712 1394 2755 futurum3
1420 2715 1507 2757 post
1527 2702 1848 2741 consecrationem
1874 2698 1981 2748 panis
2001 2706 2038 2733 et
2063 2696 2205 2741 calicis,

1205 2772 1335 2821 priora
1355 2765 1584 2809 accidentia,
1604 2775 1687 2812 quae
1717 2766 1931 2803 remanent,
1964 2756 2131 2806 pendere
2165 2755 2205 2791 in

1206 2843 1312 2875 aere3
1333 2828 1548 2864 daemonum
1567 2824 1603 2858 in
1625 2820 1733 2857 nobis
1751 2817 2010 2868 suggestiones
2028 2823 2206 2852 contactu

1206 2890 1287 2927 fieri
1313 2886 1482 2937 lapidum
1512 2891 1549 2920 et
1572 2880 1800 2924 herbarum,
1827 2885 1944 2927 prout
1971 2877 2124 2912 illorum
2145 2888 2207 2911 sa-

1205 2964 1277 3001 gax
1306 2947 1447 2984 malitia
1474 2944 1579 2980 novit
1599 2942 1734 2977 harum
1756 2951 1884 2975 rerum
1913 2937 2014 2973 vires
2043 2936 2209 2972 diversas

1208 3009 1365 3047 diversis
1392 3002 1591 3043 incitandis
1612 3010 1647 3037 et
1670 2997 1920 3036 incendendis
1944 2996 2045 3032 vitiis
2068 3006 2211 3031 conve—

1208 3071 1307 3115 nire,
1338 3066 1519 3116 Spiritum
1549 3069 1720 3099 sanctum
1749 3071 1829 3095 esse
1865 3056 2027 3093 animam
2059 3051 2211 3097 mundi3

1208 3128 1418 3172 mundum,
1441 3124 1551 3174 juxta
1578 3122 1796 3164 Platonem,
1831 3125 1935 3153 tanto
1968 3112 2211 3151 excellentius

1211 3189 1348 3228 animal
1375 3199 1478 3231 esse,
1508 3191 1652 3234 quanto
1683 3180 1877 3217 meliorem
1909 3176 2070 3212 animam
2099 3171 2210 3208 habet

184 3344 192 3358 ¹
210 3337 381 3369 Abaelardi
405 3337 585 3380 Theologiae
611 3338 691 3369 libro
713 3342 746 3377 2,
768 3349 837 3380 pag.
865 3341 962 3368 1085.
980 3356 1025 3359 -—
1039 3342 1050 3357 2
1073 3340 1146 3367 Luc.
1163 3346 1202 3371 x,
1229 3336 1279 3363 18.
1310 3347 1336 3351 μ
1355 3325 1451 3357 3Isai.
1468 3337 1502 3355 xi
1518 3347 1525 3361 ,
1556 3327 1585 3354 2.
1602 3342 1637 3344 *n
1660 3320 1672 3345 ⁴
1693 3317 1869 3357 Theologiae
1885 3315 1964 3345 libro
1990 3316 2016 3350 1,
2033 3321 2121 3353 pagg.
2144 3312 2206 3341 977

135 3393 282 3422 611061.
299 3409 341 3413 —>—
360 3389 371 3411 ‘³
392 3394 421 3421 11
435 3391 517 3422 Tim.
534 3402 568 3428 1,
594 3394 644 3422 152.
660 3411 700 3413 >w
719 3389 734 3412 '3
750 3390 847 3421 Hebr.
865 3402 919 3427 xx,
947 3393 975 3420 1.
