2533 3920
1113 212 1148 247 S.
1179 206 1432 245 BERNARDI
1460 201 1661 240 ABBATIS

2355 192 2427 230 416

1363 279 1410 298 '¹³⁴
1422 279 1587 320 Jericho.
1606 274 1776 315 Surrexit
1794 285 1815 309 a
1836 269 1996 307 mortuis
2009 268 2108 306 liber
2124 268 2206 315 ille,
2226 275 2264 304 et
2283 281 2367 305 cum
2385 283 2429 309 eo

653 377 666 386 ι
672 376 696 385 ιι
701 371 924 385 Ὰιιιιιςιιιιιιιι
930 369 985 379 «ιιι
991 366 1159 377 ιιιιιιιι-ιικ

551 494 923 558 EPISTOLA
962 485 1158 549 CXC.a

400 669 446 692 AD
475 661 736 689 INNOCENTIUM
767 655 1016 685 PONTIFICEM,
1048 652 1095 675 DE
1124 646 1334 673 ERRORIBL‘S

566 720 778 754 QUIBUSDAM
809 716 918 741 PETRI
949 711 1168 737 ABAELARDI.

415 846 504 874 Hanc
523 837 685 882 epistolam
713 834 753 865 ob
778 829 986 876 prolixitatem
1008 828 1087 859 inter
1107 829 1272 858 Tractatus
1294 822 1373 853 rela-

370 903 431 929 tam
461 895 556 926 habes
584 898 668 923 tomo
698 886 849 920 secundo.

370 1014 1378 1043 ιιιιιιιιιιιιιιιιιιιιιιιιιιιιιιιιιιιιιιιιιιιιιιιιιιιιιιιιιιιιιιιιιιιιι

540 1142 913 1204 EPISTOLA
956 1125 1183 1197 CXC1.¹’

372 1324 419 1346 An
449 1317 712 1344 INNOCENTIL'M
741 1315 790 1338 Ex
818 1310 979 1335 PERSONA
1007 1307 1146 1332 DOMINI
1175 1304 1379 1330 ARCHIEPI-

653 1376 756 1400 SCOPI
788 1371 992 1404 REMENSIS,
1023 1365 1093 1393 etc.

378 1494 589 1529 Abaclardum
602 1517 609 1531 ‚
629 1501 709 1522 vana
727 1489 860 1521 scientiae
879 1487 1025 1530 opinione
1044 1483 1198 1517 tumidum
1210 1508 1217 1521 ‚
1236 1488 1267 1514 et
1287 1481 1325 1512 de
1343 1480 1384 1512 fa-

426 1560 500 1581 vore
516 1548 608 1579 curiae
628 1549 779 1577 Romana:
796 1543 994 1585 gloriantem,
1018 1538 1200 1571 auctoritate
1224 1535 1386 1569 Pontificia

426 1608 545 1634 mature
561 1597 806 1642 reprimendum.

381 1720 715 1762 Reverendissimo
754 1717 912 1754 domino
942 1723 979 1752 et
1012 1712 1233 1750 charissimo
1261 1709 1388 1751 Patri.

437 1782 506 1820 Dei
553 1780 670 1830 gratia
715 1790 864 1815 summo
913 1773 1087 1813 Pontifici
1128 1776 1388 1814 Ixxoefixrto,
1426 1767 1430 1771 ”

440 1847 588 1881 ὃυῐεοΝ
614 1845 823 1878 Remorum
855 1836 1178 1886 archiepiscopus,
1208 1836 1395 1869 JOSLENL‘S
1416 1834 1443 1870 C

442 1901 751 1945 Suessionensis,
805 1901 1026 1936 Gau-mnus
1080 1891 1392 1936 Catalaunensis,

442 1968 603 2001 Amisus
640 1958 916 2003 Atrebatensis‚
958 1954 1217 1993 voluntarium
1258 1951 1397 1989 debitae

442 2021 688 2071 subjectionis
712 2018 952 2068 obsequium.

451 2151 483 2188 1.
514 2147 680 2187 Auribus
699 2144 893 2195 occupatis
916 2143 961 2180 ad
979 2141 1160 2193 plurima,
1182 2152 1399 2177 sermonem

397 2211 552 2248 facimus
584 2207 847 2245 abbreviatum
878 2204 924 2241 de
953 2202 1105 2254 prolixo
1125 2201 1298 2250 negotio,
1328 2213 1399 2250 pro

396 2286 442 2309 eo
471 2270 652 2314 maxime,
673 2267 762 2317 quia
790 2266 954 2315 idipsum
975 2262 1149 2299 diffusius
1180 2274 1223 2297 ac
1251 2261 1401 2311 plenius

397 2332 614 2369 continetur
631 2329 667 2364 in
691 2326 824 2363 litteris
842 2324 987 2361 domini
1007 2321 1247 2360 senonensis.
1272 2324 1406 2358 Petrus

399 2391 634 2432 Abaelardus
662 2388 873 2426 christianae
902 2385 988 2422 fidei
1015 2384 1193 2431 meritum
1223 2395 1408 2419 evacuare

402 2454 546 2498 nititur,
577 2451 666 2488 dum
701 2458 822 2486 totum
857 2446 960 2497 quod
993 2450 1096 2483 Deus
1130 2452 1205 2490 est,
1240 2443 1409 2479 humana

402 2514 547 2550 ratione
588 2511 794 2548 arbitratur
834 2521 873 2545 se
914 2520 1026 2558 posse
1068 2502 1406 2555 comprehendere.

402 2572 582 2611 Ascendit
595 2584 714 2620 usque
735 2569 781 2605 ad
803 2568 936 2613 coelos,
955 2576 992 2604 et
1009 2565 1206 2603 descendit
1223 2577 1343 2613 usque
1361 2562 1408 2599 ad

404 2633 571 2682 abyssos.
603 2630 701 2668 Nihil
731 2637 786 2667 est
823 2628 928 2678 quod
962 2628 1078 2664 lateat
1109 2638 1219 2671 eum,
1257 2624 1335 2660 sive
1372 2623 1462 2661 inD

405 2691 638 2744 profundum
676 2690 834 2735 inferni,
865 2689 943 2725 sive
979 2688 1016 2724 in
1052 2686 1244 2723 excelsum
1283 2696 1411 2733 supra.

409 2757 534 2790 Homo
555 2760 611 2787 est
631 2763 788 2799 magnus
808 2749 845 2786 in
868 2748 987 2785 oculis
1008 2747 1103 2794 suis,
1122 2747 1168 2783 de
1187 2745 1259 2782 fide
1281 2752 1415 2781 contra

411 2813 521 2849 tidem
562 2811 779 2861 disputans,
822 2808 1019 2846 ambulans
1052 2808 1090 2844 in
1125 2806 1270 2855 magnis
1300 2813 1338 2841 et
1376 2805 1415 2840 in

412 2871 646 2909 mirabilibus
665 2883 779 2920 super
803 2883 862 2915 se,
883 2877 1071 2905 scrutator
1091 2866 1315 2916 majestatis,
1338 2865 1416 2901 hae-

413 2944 537 2967 resum
560 2930 771 2967 fabricator.
793 2928 1022 2966 Jamdudum
1052 2928 1191 2963 fecerat
1207 2926 1347 2962 librum
1370 2924 1416 2961 de

414 3005 480 3029 sua
506 2990 705 3034 Trinitatc,
727 2988 792 3025 scd
821 2987 890 3024 sub
918 2992 1059 3036 Legato
1082 2990 1265 3023 Romame
1285 2985 1417 3022 Eccle—

415 3051 506 3088 siae*
530 3051 614 3099 igne
639 3049 873 3085 examinatus
900 3056 973 3092 est,
1004 3048 1092 3095 quia
1118 3047 1271 3083 inventa
1299 3053 1353 3081 est
1381 3044 1417 3080 in

416 3126 461 3147 co
485 3109 673 3158 iniquitas.
694 3107 915 3144 Maledictus
941 3107 1005 3155 qui
1031 3105 1271 3142 recedificavit
1292 3105 1420 3141 ruinas

471 3257 478 3271 ¹
496 3249 638 3286 Ovidius,
657 3248 695 3278 de
710 3246 859 3278 Remedio
876 3246 1000 3283 amoris,
1021 3257 1099 3276 κους.
1118 3249 1155 3277 §ll
1174 3270 1180 3279 .
1200 3249 1256 3277 92.

1166 363 1362 374 mmm-m·
1379 342 1410 373 A
1431 340 1639 376 multorum
1668 335 1829 370 haereses
1857 343 1942 379 quae
1973 328 2229 372 dormierant,
2259 340 2433 366 surrexe-

1431 408 1542 445 runt,
1572 406 1610 433 et
1631 399 1893 445 apparuerunt
1922 388 2062 426 multis.
2086 386 2247 436 Jamjam
2267 387 2435 426 extendit

1432 458 1607 510 palmites
1630 468 1718 492 suos
1747 464 1866 502 usque
1886 449 1932 486 ad
1953 461 2077 495 mare,
2095 455 2133 484 et
2152 459 2272 496 usque
2291 446 2338 483 ad
2356 450 2435 485 Ro·
2474 448 2475 452 ’

1436 532 1535 556 mam
1568 515 1797 567 propagines
1825 510 1917 560 ejus.
1952 513 2042 546 Haec
2073 506 2248 558 gloriatio
2276 506 2437 546 hominis

1436 579 1554 623 illius,
1574 575 1678 627 quod
1699 573 1796 610 liber
1813 585 1902 609 suus
1922 571 1961 607 in
1986 569 2090 606 curia
2107 571 2279 605 Romana
2302 565 2435 615 habet,

1436 639 1503 676 ubi
1529 645 1642 687 caput
1670 648 1779 672 suum
1809 632 1978 669 reclinet.
2008 629 2109 667 Hinc
2133 627 2379 666 confirmatus
2402 635 2440 666 et

1438 699 1674 736 confortatus
1692 703 1747 732 est
1764 694 1870 731 furor
1887 691 1981 741 ejus.

1493 759 1526 795 2.
1558 761 1763 806 Propterea
1781 767 1867 790 cum
1894 753 1932 788 in
1951 757 2159 800 conspectu
2175 747 2441 798 episcoporum

1440 830 1556 867 super
1571 816 1628 853 his
1644 822 1818 864 argueret
1838 826 1924 849 eum
1942 810 2057 848 abbas
2074 807 2346 854 Clarae-Vallis,
2364 807 2443 846 zelo

1441 877 1529 914 fidei
1554 885 1590 913 et
1604 874 1761 924 justitiae
1779 881 1968 917 armatus;
1990 884 2059 907 nec
2076 868 2272 906 confessus
2288 875 2360 913 est,
2377 880 2444 906 nee
2474 878 2477 913 j
2496 889 2497 892 ¹

1444 936 1597 986 negavit
1622 950 1630 971 :
1658 933 1723 970 sed
1751 946 1771 969 a
1800 933 1885 969 loco
1915 939 1951 967 et
1975 929 2104 979 judice
2132 940 2247 978 quem
2275 925 2345 964 sibi
2369 927 2445 977 ipse
2475 944 2477 956 ·

1445 997 1626 1045 elegerat,
1645 994 1725 1030 sine
1743 992 1916 1037 laesione,
1936 991 2015 1027 sine
2032 988 2271 1038 gravamine,
2289 995 2331 1023 ut
2345 999 2444 1025 suam
2476 994 2477 1034 ᾖ
2496 1007 2500 1025 .·

1396 1056 1692 1106 Bprolongaret
1734 1052 1992 1101 iniquitatem,
2036 1048 2171 1088 Sedem
2207 1047 2478 1098 apostolicam}

1442 1115 1659 1166 appellavit.
1687 1112 1867 1163 Episcopi
1894 1119 2041 1155 autem,
2061 1109 2126 1159 qui
2149 1116 2310 1158 propter
2323 1107 2396 1144 hoc
2410 1107 2448 1145 in
2476 1134 2478 1140 ,
2499 1131 2501 1139 1

1444 1189 1564 1213 unum
1603 1180 1883 1219 convenerant,
1912 1179 2048 1208 vestrae
2080 1168 2320 1207 Reverentiae
2351 1167 2450 1206 defe-
2474 1168 2501 1210 l,

1446 1244 1590 1282 rentes,
1619 1234 1713 1272 nihil
1742 1233 1782 1270 in
1812 1244 2017 1283 personam
2050 1228 2132 1279 ejus
2165 1235 2326 1278 egerunt
2354 1241 2362 1264 :
2390 1226 2452 1264 sed

1448 1293 1716 1333 tantummodo
1746 1292 1910 1343 capitula
1936 1289 2124 1328 librorum
2149 1287 2250 1338 ejus,
2276 1300 2298 1324 a
2322 1286 2453 1325 sanctis
2475 1315 2478 1323 ,

1448 1355 1624 1395 Patribus
1663 1353 1940 1398 condemnata,
1981 1364 2030 1388 ne
2069 1348 2227 1387 morbus
2265 1354 2454 1397 serperet,

1449 1415 1665 1454 medicinali
1679 1414 1900 1451 necessitate
1914 1410 2243 1461 abjudicaverunt.
2259 1407 2354 1457 Quia
2367 1419 2452 1458 ergo
2476 1406 2477 1428 ³

1448 1478 1566 1515 homo
1582 1477 1644 1513 ille
1662 1473 1948 1511 multitudinem
1972 1471 2086 1508 trahit
2103 1478 2190 1521 post
2207 1482 2246 1506 se
2259 1498 2270 1516 ,
2285 1476 2323 1506 et
2338 1480 2457 1518 popu-

1452 1537 1532 1573 lum
1549 1535 1615 1585 qui
1633 1533 1702 1570 sibi
1720 1531 1869 1577 credat,
1896 1529 2032 1576 habet3
2059 1541 2214 1580 necesse
2231 1535 2289 1565 est
2311 1535 2355 1564 ut
2374 1525 2458 1564 huic
2476 1547 2477 1559 κ

1455 1595 1630 1646 contagio
1649 1593 1762 1631 celeri
1777 1591 1947 1629 remedio
1966 1589 2188 1628 occurratis.

1788 1725 1864 1754 Sero
1881 1719 2007 1764 (enim)
2025 1718 2182 1751 medicina
2197 1722 2326 1761 paratur
2475 1703 2479 1741 i
2494 1726 2496 1738 ¹

1696 1779 1773 1810 Cum
1797 1775 1880 1807 mala
1898 1785 1955 1818 per
1968 1774 2076 1816 longas
2094 1771 2276 1803 invaluerec
2291 1780 2394 1802 moras
2415 1775 2437 1801 ¹.
2528 1785 2530 1787 ·

1461 1897 1719 1936 Processimus
1738 1896 1777 1932 in
1795 1895 1869 1932 hoc
1895 1892 2050 1944 negotio
2077 1903 2279 1942 quousque
2300 1888 2379 1926 ausi
2402 1896 2479 1934 sii-⁴

1464 1971 1548 1996 mus
1577 1972 1585 1995 :
1614 1966 1723 1994 tuum
1750 1964 1806 1992 est
1835 1954 1882 1992 de
1914 1963 2072 1999 caetero,
2102 1951 2317 1988 beatissime
2346 1953 2462 1994 Pater,

1464 2018 1690 2071 providere,
1724 2030 1772 2054 ne
1800 2016 1839 2053 in
1872 2014 2007 2052 diebus
2036 2014 2108 2051 tuis
2135 2013 2262 2063 aliqua
2290 2010 2478 2048 haereticae·

1465 2079 1663 2131 pravitatis
1702 2077 1850 2115 macula
1889 2076 2006 2114 decor
2041 2074 2220 2112 Ecclesiae
2251 2061 2494 2109 maculetur.¹>

1465 2140 1549 2179 Tibi
1565 2139 1767 2178 commissa
1783 2146 1839 2175 est
1855 2150 1996 2188 sponsa
2010 2135 2168 2181 Christi,
2186 2133 2305 2171 amice
2321 2129 2445 2183 sponsi
2457 2143 2465 2166 :
2476 2124 2498 2158 s·
2531 2148 2533 2157 2

1468 2209 1576 2238 tuum
1610 2209 1666 2237 est
1704 2198 1857 2236 tandem
1885 2197 1952 2235 uni
1992 2197 2076 2235 viro
2115 2194 2302 2245 virginem
2338 2199 2467 2229 castam

1470 2261 1651 2300 exhibere
1667 2260 1833 2299 Christo.
2479 2244 2484 2248 .

1472 2409 1528 2419 ιιννι
1533 2409 1556 2419 ιε
1562 2409 1615 2419 mxx
1619 2407 1845 2418 =nx=x=u==v=uu
1850 2407 1890 2417 »ss
1894 2406 1932 2416 ιινι
1936 2406 1990 2415 mxx
1994 2403 2309 2414 =xum=suuv=====mw=
2313 2401 2365 2412 «ιιι
2369 2397 2470 2410 tit-Qus*

1625 2527 2010 2586 EPISTOLA
2053 2511 2309 2605 exctis

1557 2687 1603 2710 AD
1631 2686 1847 2710 MAGtSTRcM
1877 2682 2077 2708 GUIDONEM
2106 2682 2155 2705 DE
2183 2679 2362 2705 CASTELLO
2374 2663 2404 2701 *-

1480 2806 1591 2836 Monet
1611 2814 1683 2835 eum
1700 2802 1742 2834 iia
1765 2800 1890 2844 diligere
1913 2808 1944 2834 et
1959 2801 2066 2833 fovere
2085 2797 2298 2833 Abaelardum
2310 2820 2320 2835 ‚
2337 2798 2472 2826 attamen

1777 2867 1896 2889 errores
1910 2858 1976 2900 ejus
1997 2866 2062 2887 non
2077 2854 2192 2886 foveat.

1483 2979 1701 3019 Venerabili
1726 2978 1907 3024 domino,
1939 2985 1976 3014 et
2010 2973 2232 3013 charissimo
2259 2968 2379 3014 Patri,
2403 2965 2477 3011 tna-j

1538 3040 1655 3090 gistro
1672 3041 1842 3076 Gmnom
1855 3068 1864 3085 ,
1880 3045 2019 3075 sanctae
2033 3040 2216 3074 Romanae
2233 3028 2405 3070 Ecclesiae
2417 3027 2468 3064 De

1539 3101 1657 3152 gratia
1666 3099 1893 3150 presbytero
1910 3097 2105 3142 cardinali,
2122 3099 2344 3134 anmnnus
2359 3087 2469 3127 Clarae

1474 3246 1485 3260 ³¹
1505 3242 1622 3284 Scripta
1643 3251 1725 3272 anno
1745 3240 1858 3272 Christi
1880 3243 1889 3272 1
1905 3242 1980 3271 140.
2000 3257 2044 3263 —-
2059 3238 2075 3260 ¹³
2092 3236 2215 3280 Scripta
2232 3232 2342 3267 eodem
2353 3235 2442 3262 anno·

464 3314 478 3329 ι’
496 3308 652 3340 Editiones
672 3306 773 3337 Oxidii
789 3317 865 3348 quas
884 3306 1088 3346 inspeximus,
1105 3304 1307 3339 ‹⁴1111«·‹1lu1'1'‹’;
1328 3309 1356 3333 ut
1376 3309 1404 3333 ct
1423 3303 1486 3344 ips-e
1508 3301 1681 3332 heruardus
1702 3300 1779 3331 infra
1793 3325 1799 3337 ,
1820 3300 1908 3342 epist.
1930 3301 1996 3331 342
2009 3322 2017 3336 ,
2032 3309 2065 3330 n.
2084 3300 2117 3329 3.

465 3362 480 3383 ‘¹
507 3361 625 3403 Scripta
649 3371 732 3391 anuo
751 3359 864 3393 Christi
888 3362 895 3389 l
913 3361 984 3389 1'10.
