2565 3952
86 172 156 208 165

81 384 202 408 meam
215 397 227 414 ,
243 370 430 418 quomodo
442 366 600 403 [Heluam
615 369 750 402 illam?
763 368 967 415 lavipetles
983 380 1096 411 meos,

80 431 263 482 quomodo
282 428 491 478 inquinabo
511 430 594 464 illos
606 435 614 449 ¹
631 429 645 464 Ρ
661 427 837 478 profecto
854 427 1100 478 indignaren-

81 501 154 530 tur.
176 496 286 530 Nunc
308 498 436 527 autem
459 489 593 526 divino
625 497 692 526 aut
723 497 997 535 succenseant,
1034 497 1101 526 aut

81 554 322 604 acquiescant
337 550 508 601 judicio,
531 564 609 601 quo
631 550 772 588 factum
794 558 852 587 est
870 558 914 587 ut
937 550 1008 587 etsi
1029 563 1099 588 ve-

83 615 167 659 lim,
191 627 270 651 non
292 613 441 649 valeam
459 611 664 663 proficisci.

133 674 170 712 2.
191 674 265 713 Sed
283 672 459 724 grandis,
478 672 682 722 inquiunt,
706 671 776 708 fuit
794 684 928 717 causa,
952 671 1100 721 gravis-

79 749 154 787 que
167 735 385 773 necessitas.
400 733 640 783 Quaerendus
658 745 749 783 ergo
765 732 888 770 fuerat
902 732 969 782 qui
986 745 1101 782 gran-

79 795 191 834 dibus
216 794 446 832 definiendis
474 793 606 831 fuisset
630 793 805 830 idoneus.
839 793 877 831 Si
902 806 962 829 me
983 793 1097 830 talem

78 864 235 908 putant,
252 869 323 906 ego
344 869 405 893 me
426 855 540 892 talem
562 868 640 891 non
663 868 744 892 esse
763 867 1005 905 nequaquam
1027 868 1100 905 pu-

80 926 140 965 to,
170 917 236 955 sed
264 917 356 955 scio.
387 917 566 967 Denique
595 917 674 954 sive
701 916 861 967 grandia
886 916 985 963 sint,
1018 916 1097 953 sive

79 993 217 1031 parva,
241 979 289 1017 ad
316 993 403 1030 quae
424 992 485 1016 me
515 979 566 1016 ita
586 986 825 1029 perurgent3
851 991 922 1028 ego
945 991 1097 1015 causam

77 1053 156 1078 non
176 1039 314 1078 habeo.
342 1044 483 1089 Quaero
511 1039 701 1090 siquidem
733 1055 740 1077 :
768 1039 910 1078 Facilia
936 1047 1026 1076 sunt
1049 1053 1097 1076 an

1022 167 1284 203 EPISTOLAE.

82 263 159 287 non
192 256 249 285 est
285 245 486 284 consilium
519 252 655 282 contra
691 243 892 281 consilium
923 244 1094 282 Domini.
1114 243 1127 261 ⁵

80 309 228 359 Quibus
260 308 291 345 si
323 320 394 358 ego
430 305 742 356 respondissem,
781 307 891 341 Exzcz'
929 306 1145 342 tunicamA

2105 179 2179 215 166

1218 246 1363 296 legatO,
1384 248 1498 285 frater
1524 252 1751 287 Bssnmnnts
1769 251 2029 290 Clarae-Vallis
2049 254 2180 303 abbas,

1221 307 1251 344 si
1274 308 1367 358 quid
1388 317 1516 359 potest
1536 311 1749 360 peccatoris
1768 312 1903 350 oratio.

1221 426 1416 462 Dominus
1441 425 1647 476 episcopus
1673 427 1908 464 Meldensis*
1931 441 2017 464 cum
2041 430 2186 480 accepit

1168 485 1315 523 litteras
1335 494 1502 534 vestras,
1522 486 1621 524 forte
1641 496 1733 525 tunc
1749 488 1795 525 ad
1817 502 1887 525 nos
1909 488 2088 526 visitandi
2104 505 2187 540 gra-

1169 546 1219 582 tia
1233 545 1424 583 veniebat.
1447 550 1621 598 Cumque
1635 547 1714 598 jam
1731 562 1751 586 e
1768 549 1885 585 domo
1902 558 2033 586 nostra
2051 553 2188 588 rescri-

1166 607 1260 645 bere
1293 618 1466 659 pararet,
1504 610 1582 647 suis
1604 619 1757 649 nostras
1777 619 1957 661 tanquam
1986 613 2104 649 vestri
2134 614 2189 651 fa-

1169 670 1326 707 miliaris
1355 670 1501 709 litteras
1526 671 1692 723 jungere
1726 673 1892 720 curavit,
1925 686 1995 710 suo
2030 687 2188 724 sperans

1167 730 1323 781 negotio
1338 732 1576 782 profuturas.
1593 734 1662 770 Cui
1678 747 1765 771 cum
1781 747 1861 771 non
1878 747 2031 785 possem
2049 748 2188 785 negare

1168 793 1273 844 quod
1290 794 1405 831 vellet
1419 823 1428 841 ,
1450 794 1490 831 id
1510 795 1635 832 solum
1655 804 1794 833 vestrae
1814 795 2056 834 Reverentiae
2079 796 2188 832 fami-

1165 855 1311 892 liariter
1326 855 1574 906 breviterque
1595 856 1855 894 intimandum
1874 857 2008 908 putavi
2027 872 2034 893 :
2051 857 2140 906 quia
2158 858 2188 894 si

1165 916 1348 954 adversus
1369 917 1591 968 episcopum
1621 927 1859 969 quaerentem
1880 932 1965 969 quae
1986 927 2074 955 sunt
2093 923 2113 957 J
2117 932 2185 956 esu

1165 979 1326 1025 Christi,
1353 979 1529 1016 homines
1551 993 1590 1017 se
1613 980 1718 1031 ipsos
1740 988 1934 1026 amantes,
1957 988 1995 1016 et
2017 994 2102 1030 quae
2121 994 2188 1018 sua

1166 1049 1255 1077 sunt
1273 1050 1487 1091 quaerentes
1509 1042 1706 1079 audieritis
1720 1072 1730 1089 ,
1750 1043 1826 1080 hoc
1842 1055 1913 1079 nec
1933 1050 2072 1080 vestrae
2095 1056 2190 1080 con-

78 1101 266 1147 difficilia,
291 1115 377 1152 quae
397 1100 446 1138 ad
463 1099 771 1151 perturbandum
794 1100 961 1138 amicum
980 1100 1097 1137 silen—
1120 1096 1148 1130 Β
1166 1102 1267 1152 gruit
1288 1101 1490 1153 dignitati,
1514 1116 1585 1140 nec
1609 1103 1752 1140 officio.

78 1163 174 1200 tium
196 1171 399 1214 tantopere
419 1163 624 1213 imponere
645 1162 788 1199 curatis
811 1162 958 1199 amico?
981 1162 1019 1200 Si
1040 1162 1098 1198 fa-

78 1225 183 1271 cilia,
208 1224 353 1275 absque
372 1237 431 1261 me
452 1231 616 1274 possunt
636 1223 740 1270 fieri3
762 1223 793 1260 si
812 1223 982 1260 difficilia
996 1252 1005 1269 ,
1030 1236 1100 1273 per

78 1299 140 1323 me
164 1298 244 1323 non
264 1293 429 1335 possunt
445 1284 557 1322 effici.
576 1285 655 1322 ,Nisi
677 1284 776 1321 forte
798 1284 893 1320 tanti
914 1283 1096 1329 aestimor,

79 1346 140 1383 cui
166 1345 326 1396 grandia
350 1353 389 1382 et
419 1344 673 1395 impossibilia
705 1353 975 1389 reserventur,
1010 1352 1100 1380 tan-

79 1419 194 1458 quam
223 1419 267 1443 ea
293 1419 364 1456 ego
393 1406 556 1457 possim,
578 1419 665 1455 quae
697 1418 812 1442 nemo
845 1405 940 1442 alius
974 1405 1099 1442 facere

78 1475 216 1518 potest.
246 1465 361 1516 Quod
390 1467 420 1504 si
452 1467 504 1503 ita
526 1474 583 1504 est
609 1481 617 1504 ε
645 1467 813 1504 Domine
840 1469 944 1504 Deus
967 1479 1097 1512 meus,

78 1527 275 1579 quomodo
293 1535 401 1564 tuum
423 1526 470 1564 de
490 1540 552 1564 me
569 1527 652 1564 solo
674 1527 899 1565 frustratum
918 1535 975 1564 est
991 1525 1099 1576 judi-

78 1589 198 1636 cium,
218 1602 370 1640 ponens
391 1587 462 1626 sub
483 1588 614 1626 modio
634 1589 855 1637 lucernam,
876 1603 963 1640 quae
983 1597 1099 1639 pote-

78 1658 137 1687 rat
155 1650 283 1687 lucere
311 1662 428 1700 super
448 1648 750 1696 candelabrum3
774 1657 835 1696 et,
864 1658 908 1687 ut
928 1649 1100 1700 apertius

77 1710 233 1761 loquar,
249 1717 401 1747 tentans
415 1723 476 1747 me
492 1709 616 1747 facere
632 1710 865 1747 monachum
877 1740 886 1757 ‚
905 1719 943 1747 et
961 1710 1098 1748 volens

78 1769 314 1808 abscondere
332 1771 373 1807 in
393 1769 644 1808 tabernaculo
663 1779 730 1808 tuo
747 1771 788 1808 in
809 1771 870 1809 die
886 1772 1076 1808 malorum
1089 1801 1098 1819 ,

77 1831 274 1869 hominem
303 1831 562 1869 necessarium
591 1832 762 1879 mundo,
791 1833 873 1870 sine
903 1845 982 1883 quo
1014 1833 1100 1883 epi-

1296 1261 1308 1269 s
1315 1260 1395 1269 ιιιιιη
1400 1261 1482 1270 γυιων·
1491 1260 2132 1271 ========:xx-mxzvsxsusmxn===1===1=2=25x22==1
2138 1262 2193 1271 vum

1343 1388 1719 1445 EPISTOLA
1781 1379 2030 1446 xxm?

1272 1543 1318 1568 AD
1356 1531 1563 1568 ATTONEM*
1597 1545 1821 1569 TRECENSEM
1850 1545 2076 1571 EPISCOPL‘M.

1165 1662 1318 1692 Attonem
1343 1660 1527 1704 episcopum
1542 1686 1550 1701 ‚
1576 1661 1630 1703 qm·
1660 1660 1694 1693 in
1719 1661 1833 1693 morbo
1862 1667 1997 1693 mortem
2025 1661 2165 1704 cogitans
2182 1687 2189 1701 ‚

1217 1715 1323 1747 omnia
1343 1726 1399 1747 sua
1416 1715 1619 1748 distribuerat
1632 1717 1667 1748 in
1687 1727 1842 1760 pauperes
1854 1742 1861 1756 ‚
1878 1718 2058 1749 restitutum
2072 1718 2192 1749 valetu—

1216 1768 1282 1801 dini
1307 1771 1445 1810 solatur,
1468 1776 1498 1802 et
1518 1771 1638 1804 laudat.

77 1893 184 1945 scopi
204 1907 284 1931 non
304 1889 469 1944 possunt
488 1907 557 1931 sua
573 1902 811 1944 pertractare
828 1894 1009 1944 negotia?
1027 1893 1101 1932 Sed
1118 1891 1145 1928 C
1167 1893 1332 1943 Pauperi
1365 1893 1550 1944 episcopo
1586 1906 1738 1944 pauper
1768 1892 1887 1931 abbas
1905 1922 1915 1940 ‚
1952 1898 2192 1946 paupertatis

78 1963 116 1992 et
128 1955 203 1992 hoc
216 1955 291 1992 mei
308 1955 401 1992 mihi
414 1956 619 1994 necessarii
632 1956 918 2007 praestiterunt,
936 1963 981 1992 ut
996 1968 1100 1992 nunc

77 2029 234 2067 quoque
268 2015 402 2054 videar
428 2017 538 2067 loqui
574 2017 749 2055 turbatus
782 2017 953 2064 homini,
988 2030 1033 2054 cu
1035 2015 1099 2066 jus

76 2089 277 2126 nunquam
299 2077 372 2114 nisi
393 2090 552 2115 serenus
567 2086 605 2115 et
624 2091 709 2115 cum
733 2079 840 2115 omni
856 2077 1098 2127 jucunditate

35 2131 43 2134 ”
79 2137 185 2174 soleo
205 2137 414 2175 recordari.
432 2142 510 2176 Vos
531 2146 658 2175 tamen
680 2137 815 2190 (vobis
833 2138 942 2185 dico,
960 2136 1097 2188 pater)

80 2198 266 2235 noveritis
282 2199 373 2248 quia
391 2208 549 2250 paratus
570 2213 654 2237 sum
671 2229 680 2246 ,
706 2208 743 2237 et
760 2213 839 2237 non
858 2213 944 2237 sum
962 2199 1098 2237 turba-

81 2267 158 2307 tus,
173 2268 217 2297 ut
233 2260 447 2298 custodiam
463 2260 645 2298 mandata
657 2269 796 2298 vestra.
811 2264 956 2299 Vestrae
972 2269 1099 2298 autem

80 2320 328 2371 indulgentiae
348 2322 422 2360 erit
448 2335 608 2374 parcere
629 2322 742 2370 mihi,
766 2322 833 2360 ubi
860 2322 1099 2375 parcendum

81 2381 339 2420 decreveritis.

77 2528 729 2541 vuuxsmu===mu==wuvmumnmuu
733 2531 924 2541 smum-uxum
929 2531 985 2540 uu
989 2531 1044 2540 ιινι
1048 2531 1073 2539 nx
1078 2531 1104 2540 ιι

277 2660 656 2718 EPISTOLA
710 2658 929 2719 XXII.a

81 2815 128 2838 AD
159 2817 396 2841 HUMBALDUM
413 2804 430 2821 *
460 2818 739 2843 LUGDIJNENSEM
767 2819 1100 2843 ARCHIEPISCOPUM

463 2880 511 2903 ΕΤ
531 2881 720 2905 LEGATUM.

221 2991 354 3022 Causam
376 2990 518 3035 episcopi
539 2992 714 3025 Meldensis
741 2993 953 3026 commendat.

83 3106 416 3145 Reverendissimo
436 3107 596 3146 domino
620 3117 657 3146 et
677 3109 778 3160 patri
799 3123 869 3148 suo
890 3125 1097 3151 armanno

134 3166 382 3217 Lugdunensi
411 3169 702 3221 archiepiscopo
721 3200 730 3217 ,
766 3174 953 3209 Romanae
987 3176 1096 3214 Sedis

133 3298 143 3314 ¹
159 3294 278 3327 Cantic.
299 3308 331 3335 v,
349 3301 381 3330 3.
399 3316 439 3320 --—
461 3304 474 3320 2
488 3299 586 3331 Eccli.
606 3312 662 3339 XI,
679 3303 734 3333 30.
750 3321 795 3324 -—
811 3299 825 3323 3
840 3303 922 3334 Psal.
940 3318 1056 3346 mum,
1073 3312 1103 3340 5.

1223 1954 1410 2004 consequi
1430 1954 1654 2005 praemium,
1678 1954 1784 2005 quod
1807 1963 1865 1993 est
1884 1968 2047 2006 regnum
2069 1958 2190 1994 coelo—
2205 1955 2215 1964 '

1221 2028 1321 2052 rum.

1223 2146 1255 2180 1.
1278 2143 1493 2182 Laudarem
1522 2157 1616 2191 vos,
1645 2153 1684 2181 et
1701 2143 1790 2194 jure
1813 2145 2034 2195 laudarem,
2060 2148 2090 2185 si
2112 2162 2189 2185 non

1169 2217 1230 2241 me
1251 2213 1451 2242 revocaret
1470 2205 1535 2242 illa
1556 2206 1768 2253 sententia,
1791 2208 1991 2244 Neminem
2014 2211 2189 2245 laudave-

1170 2270 1221 2302 ris
1241 2270 1280 2302 in
1311 2271 1397 2302 vita
1416 2272 1535 2314 sutt23
1570 2267 1760 2317 siquidem
1790 2280 1871 2304 rem
1893 2268 2006 2306 laude
2035 2269 2190 2320 dignam

1169 2326 1297 2377 egistis
1316 2341 1324 2363 z
1347 2327 1412 2364 sed
1429 2327 1464 2364 ei
1480 2327 1562 2365 laus
1581 2327 1835 2365 adscribenda
1852 2337 1931 2376 est,
1947 2343 1969 2366 a
1985 2343 2062 2380 quo
2081 2343 2192 2368 acce-

1170 2386 1280 2438 pistis
1302 2395 1340 2423 et
1366 2388 1487 2435 velle,
1511 2396 1549 2424 et
1579 2388 1768 2438 perficere
1783 2417 1792 2435 ‚
1816 2389 1922 2439 quod
1943 2391 2082 2428 merito
2104 2392 2189 2429 lau-

1170 2448 1340 2485 daretur.
1361 2452 1484 2487 Deum
1516 2462 1700 2507 ergo'per
1718 2464 1787 2488 vos
1802 2479 1811 2496 ,
1834 2460 1872 2488 et
1900 2451 1940 2488 in
1960 2451 2071 2490 vobis
2093 2466 2190 2503 ope-

1170 2518 1319 2546 rantem
1337 2509 1614 2559 glorificamus,
1629 2511 1696 2561 qu'i
1711 2519 1860 2548 tantum
1875 2512 1922 2548 ad
1934 2513 2062 2550 hocin
2080 2513 2190 2551 vobis

1169 2570 1293 2607 voluit
1312 2570 1530 2621 glorificari,
1551 2580 1595 2608 ut
1614 2580 1652 2609 et
1669 2585 1739 2609 vos
1760 2571 1939 2610 redderet
1963 2574 2186 2623 gloriosum.

1169 2630 1245 2679 Qui
1262 2630 1447 2668 nimirum
1469 2645 1556 2668 cum
1573 2632 1621 2669 sit
1635 2632 1819 2670 mirabilis
1834 2633 1873 2670 in
1889 2632 2087 2683 majestate
2103 2648 2184 2681 sua,

1116 2690 1151 2724 D
1170 2692 1283 2730 etiam
1309 2692 1349 2729 in
1373 2692 1513 2730 sanctis
1534 2693 1611 2730 suis
1632 2693 1822 2743 gloriosus
1842 2707 2029 2745 apparere
2050 2694 2186 2745 digna-

1148 2761 1253 2801 stur,
1274 2766 1323 2790 ne
1343 2753 1448 2790 solus
1473 2752 1612 2791 habeat
1635 2754 1809 2804 gloriam.
1830 2758 1918 2805 Ipse
1935 2768 2075 2805 nempe
2098 2756 2189 2793 licet

1168 2813 1217 2851 sit
1247 2812 1320 2850 sibi
1355 2813 1550 2851 sufficiens
1582 2814 1629 2851 ad
1653 2827 1809 2852 omnem
1842 2815 2162 2865 magnificentiam
2176 2847 2185 2864 ‚

1168 2874 1305 2925 quaerit
1323 2883 1449 2911 tamen
1470 2875 1631 2924 gloriam
1651 2884 1689 2913 et
1708 2876 1748 2913 in
1769 2877 1907 2914 sanctis
1921 2905 1931 2923 ,
1954 2890 2032 2913 non
2056 2886 2099 2914 ut
2120 2892 2187 2915 au-

1168 2944 1254 2985 geat
1275 2934 1369 2980 sibi,
1393 2935 1460 2973 sed
1478 2945 1520 2973 ut
1540 2936 1617 2973 suis
1635 2938 1906 2974 communicet.
1928 2937 2044 2975 Novit
2059 2947 2185 2975 autem

1166 2996 1337 3047 quisunt
1351 2995 1434 3046 ejus
1455 3012 1462 3034 z
1485 2997 1551 3035 sed
1565 2997 1677 3036 nobis
1691 3012 1771 3035 non
1790 2998 1897 3035 facile
1916 2999 2183 3046 innotescunt,

1166 3058 1238 3095 nisi
1260 3072 1347 3095 cum
1367 3058 1448 3108 ipsc
1474 3059 1645 3096 revelare
1663 3059 1897 3110 dignabitur.
1919 3059 2065 3096 Scimus
2095 3073 2186 3096 sane

1169 3117 1215 3155 de
1236 3117 1415 3168 qualibus
1444 3118 1630 3169 scriptum
1651 3128 1709 3157 est
1736 3134 1743 3156 :
1774 3122 1819 3155 Ilz
1842 3119 1971 3155 labore
1991 3121 2183 3155 leomz'mcm

1167 3193 1243 3216 non
1259 3188 1362 3226 sunt,
1381 3188 1418 3216 et
1432 3194 1514 3216 cum
1533 3180 1747 3218 hominibus
1763 3177 2182 3230 nonflagellabunllcr3.

129 3359 144 3375 ²¹
162 3356 283 3399 Scripta
298 3363 370 3390 ante
383 3369 503 3391 annum
524 3363 625 3392 1128.
646 3380 691 3384 -
705 3354 721 3378 ¹³
735 3362 856 3406 Scripta
877 3363 959 3398 circa
973 3367 1119 3399 eumdem
1140 3379 1271 3400 aunum.
