2517 3920
320 210 413 245 ists-'1'

680 358 857 397 CAPUT
887 358 960 397 vl.

319 475 462 507 Pontifici
478 486 542 506 non
565 475 750 512 convenire,
775 479 881 516 utpote
909 471 1102 514 gravioribus
1124 471 1241 501 intento
1254 494 1261 506 ‚
1280 470 1324 500 rei

366 529 543 560 domesticae
566 539 692 566 curam3
717 527 910 570 proindeque
929 526 1016 557 alteri
1042 525 1145 567 potius
1161 534 1324 555 oeconomo

365 583 630 615 committendam.

378 706 435 741 17.
461 703 590 740 Taedet
612 703 689 752 jam
714 702 827 738 curiae
862 716 870 736 ε
905 698 1123 736 exeundum
1157 697 1320 747 palatio;

320 764 423 801 domi
445 771 668 812 exspectant
694 774 774 798 nos.
800 761 847 797 Hi
869 773 945 796 non
968 758 1084 794 modo
1104 758 1202 794 circa
1218 786 1228 803 ,
1256 756 1321 793 sed

320 821 606 874 quodammodo
632 822 729 857 intra
758 828 793 855 te
814 827 914 855 sunt.
937 821 1023 855 Non
1055 825 1112 853 est
1142 830 1321 866 superva-

319 897 388 919 cua
423 880 698 925 consideratio,
730 892 805 927 qua
825 876 991 914 intendis
1016 876 1221 926 disponere
1253 875 1323 912 do-

320 943 399 978 mui
433 950 528 985 tuae,
557 939 762 988 providere
783 938 840 974 his
859 937 923 986 qui
950 937 988 972 in
1013 936 1097 972 sinu
1127 944 1193 972 tuo
1221 944 1259 971 et
1284 936 1323 972 in

319 1001 463 1051 ,gremio
481 1009 546 1035 tuo
567 1007 667 1035 sunt.
686 1002 764 1047 Ego
785 998 870 1033 dico
888 1006 925 1033 et
949 996 1211 1033 necessariam.
1230 1000 1326 1033 Pau-

320 1063 396 1098 lum
419 1059 507 1096 audi
541 1072 549 1093 :
583 1061 622 1093 Si
642 1063 723 1106 quis
750 1061 876 1093 (lomus
895 1071 975 1092 sace
992 1070 1158 1105 praeesse
1177 1060 1297 1092 nescit
1314 1085 1325 1101 ‚

318 1120 502 1167 quomodo
532 1120 715 1153 Ecclesiae
746 1120 817 1153 Dm*
846 1119 1081 1165 diligentiam
1116 1115 1262 1152 habebit
1280 1117 1325 1151 ¹?

317 1181 406 1216 item
420 1206 429 1222 ,
453 1178 492 1213 Sc·
507 1181 591 1225 quis
607 1191 771 1220 suorum,
790 1185 825 1211 et
846 1181 1014 1211 maxime
1030 1177 1324 1219 clamesticorzmz,

317 1253 444 1276 curam
466 1252 539 1274 non
558 1238 684 1282 habel,
704 1238 825 1284 fidem
852 1241 1022 1287 negavit,
1053 1246 1090 1273 et
1104 1247 1157 1273 ese
1179 1238 1324 1284 infideli

320 1304 481 1336 deterior
501 1305 525 1335 ².
550 1302 597 1335 Et
613 1299 692 1335 haec
710 1298 861 1343 dicens,
884 1311 961 1334 non
982 1306 1018 1334 te
1046 1311 1185 1334 moneo
1217 1310 1324 1334 sum-

319 1360 388 1395 mis
408 1366 635 1407 occupatum
657 1356 856 1393 intendere
881 1357 1040 1402 infimis,
1063 1365 1101 1392 et
1125 1355 1233 1405 quasi
1258 1356 1326 1392 mi-

317 1428 452 1456 nutum
475 1419 576 1465 fieri,
601 1418 766 1455 minimis
784 1417 1004 1467 impendere
1027 1417 1132 1466 quod
1154 1416 1326 1453 maximis

318 1479 446 1516 debes.
470 1479 570 1527 Quid
592 1488 627 1515 te
647 1478 801 1514 intrices
816 1507 826 1524 ,
855 1477 957 1514 unde
979 1487 1013 1514 te
1034 1478 1176 1527 eripuit
1194 1479 1326 1514 Deus?

319 1543 414 1575 Hoec
425 1568 435 1583 ,
453 1539 578 1588 inquit
590 1569 598 1585 ‚
617 1544 745 1575 ‹mmia
763 1541 994 1585 adjicientur
1008 1539 1113 1575 vobis
1126 1539 1152 1576 3.
1168 1543 1327 1575 Verum—

320 1609 446 1636 tamen
468 1608 505 1636 et
520 1600 599 1636 haec
621 1608 773 1649 oportet
796 1600 917 1636 facere
935 1628 943 1645 ,
977 1608 1014 1635 et
1030 1599 1094 1636 illa
1114 1612 1190 1635 non
1210 1599 1326 1635 omit—

322 1670 412 1696 tere.
435 1664 483 1697 At
507 1660 569 1696 illa
590 1673 658 1709 per
680 1668 714 1696 te
735 1673 871 1709 agens,
893 1673 962 1709 per
984 1668 1019 1696 te
1038 1660 1150 1696 etiam
1177 1667 1329 1709 oportet

318 1720 542 1770 provideas,
571 1720 638 1769 qui
659 1734 730 1770 pro
753 1729 789 1756 te
815 1720 860 1756 de
878 1720 936 1756 his
966 1719 1207 1770 provideant.
1235 1723 1328 1756 Nam

322 1781 351 1817 si
373 1794 470 1817 unus
487 1794 508 1817 e
528 1781 647 1817 servis
664 1794 733 1830 per
756 1794 794 1816 se
813 1794 891 1816 non
911 1780 1053 1816 suflicit
1070 1780 1181 1816 simul
1205 1788 1242 1816 et
1263 1793 1330 1816 cu-

1086 210 1119 243 S.
1152 205 1402 242 BERNARDI
1431 202 1632 238 ABBATIS

1327 279 1356 297 4⁴

2290 199 2387 237 1068

1360 278 1561 328 ²quaedam
1589 290 1657 326 per
1683 275 1775 311 alios
1799 273 1846 309 ad
1866 273 2008 322 absque
2041 281 2087 310 te.
2112 274 2204 322 Quis
2221 277 2388 325 sapiens,

1341 340 1374 372 A
1391 347 1428 375 et
1446 338 1630 387 intelliget
1649 336 1757 372 haec?
1778 338 1861 371 Non
1883 342 1939 370 est
1958 334 2063 383 quod
2079 334 2179 371 inter
2203 335 2273 372 ista
2299 337 2392 375 dor—

1390 398 1497 434 mitet
1515 395 1767 433 consideratio
1786 404 1860 431 tua.
1886 397 1966 443 Ego
1982 408 2076 431 vero
2093 395 2238 444 agenda
2258 396 2392 436 domus

1390 466 1463 493 tuae
1484 456 1554 493 sub
1584 469 1630 493 eo
1661 468 1818 504 genere,
1852 453 1956 504 quod
1977 455 2225 492 novissimum
2253 457 2390 506 posui,

1391 517 1554 555 locanda
1581 516 1807 554 censuerim.
1836 519 1908 552 Per
1940 515 2055 551 alium
2077 543 2086 560 ,
2122 524 2166 552 ut
2197 516 2302 563 dixi,
2332 519 2395 556 illa

1392 578 1515 614 facies.
1536 581 1587 614 At
1606 577 1656 623 is,
1681 576 1710 613 si
1731 575 1853 611 fidelis
1873 587 1952 611 non
1974 574 2107 621 fuerit,
2135 575 2349 615 fraudabit:
2365 579 2396 616 si

1389 650 1468 674 non
1501 637 1615 674 fuerit
1649 635 1842 686 prudens,
1876 633 2127 672 fraudabitur.
2161 637 2395 684 Quaerendus

1388 697 1553 748 proinde
1581 696 1702 734 fidelis
1736 704 1774 733 et
1802 694 1972 746 prudens
1994 724 2003 742 ,
2043 708 2158 745 quem
2189 697 2396 736 constituas

1389 771 1505 807 super
1528 758 1707 794 familiam
1727 765 1844 793 tuam.
1868 755 2004 792 Adhuc
2020 755 2164 792 inutilis
2185 764 2260 803 est,
2281 757 2311 793 si
2326 765 2398 795 ter-

1389 819 1486 854 tium
1514 818 1622 855 desit.
1652 817 1799 866 Quaeris
1819 816 1911 866 quid
1932 816 2006 852 hoc
2020 817 2035 852 Ξ)
2051 816 2279 853 Auctoritas.
2299 818 2398 866 Quid

1390 879 1491 915 enim
1516 878 1675 928 prodest
1700 878 1733 914 ei
1753 877 1852 914 velle
1865 905 1875 922 ,
1907 885 1945 913 et
1967 876 2062 912 scire
2082 889 2242 926 quaeque
2267 876 2397 928 dispo-

1391 952 1504 984 nere,
1528 946 1646 988 prout
1671 950 1825 974 necesse
1856 945 1913 973 est
1929 964 1938 979 ,
1974 936 2004 973 si
2030 935 2135 985 quod
2154 936 2224 972 scit
2242 944 2280 974 et
2295 938 2395 984 vult,

1391 1012 1471 1036 non
1503 1000 1657 1048 potest?
1690 997 1826 1034 Danda
1853 1009 1944 1046 ergo
1975 997 2132 1033 facultas
2160 997 2297 1046 agendi
2326 1012 2396 1048 pro

1348 1058 1516 1096 Blibitu.
1550 1058 1588 1095 Si
1620 1058 1659 1094 in
1693 1056 1961 1107 praejudicium
1997 1056 2156 1093 rationis
2187 1065 2300 1106 putas
2327 1058 2399 1095 hoc

1392 1119 1495 1166 fieri,
1514 1127 1706 1155 memento
1722 1118 1872 1154 fidelem
1887 1146 1896 1163 ,
1930 1117 1996 1167 qni
2024 1130 2135 1167 agere
2156 1117 2400 1156 nihilominus

1393 1193 1465 1230 pro
1499 1179 1648 1216 ratione
1687 1178 1790 1215 volet
1821 1193 1829 1214 ε
1866 1178 2019 1214 attende
2043 1177 2295 1227 prudentem,
2335 1179 2400 1228 qui

1390 1254 1501 1290 agere
1533 1240 1781 1276 nihilominus
1800 1252 1873 1289 pro
1894 1239 2042 1276 ratione
2072 1239 2176 1276 sciet.
2204 1238 2277 1277 Sed
2306 1240 2400 1277 fide-

1390 1301 1436 1337 lis
1469 1300 1664 1350 solersque
1689 1300 1869 1336 voluntas
1900 1307 1991 1336 tunc
2014 1298 2210 1349 proderit,
2241 1313 2328 1337 cum
2367 1301 2401 1338 ei

1392 1361 1535 1398 affatim
1556 1368 1734 1410 suppetet
1751 1388 1761 1406 ‚
1781 1359 1885 1396 unde
1911 1367 1992 1395 tota
2012 1359 2189 1396 facilitate
2211 1360 2403 1411 mancipe-

1394 1428 1456 1456 tur
1469 1419 1634 1465 esfectui‚
1652 1419 1798 1456 cunctis
1813 1418 1894 1455 sine
1913 1418 2157 1455 cunctatione
2169 1419 2402 1468 parentibus.

1393 1479 1589 1517 Subdendi
1609 1479 1724 1529 igitur
1750 1491 1896 1515 omnes.
1928 1478 2083 1518 Nullum
2113 1479 2280 1528 patiatur
2305 1493 2404 1517 con—

1395 1540 1653 1578 tradictorem.
1680 1543 1801 1577 Nemo
1834 1539 1900 1588 qui
1930 1538 2050 1585 dicat,
2080 1541 2158 1576 Cur
2186 1539 2306 1576 fecisti
2328 1540 2404 1577 sic?

1393 1605 1624 1638 Potestatem
1645 1599 1782 1636 habeat
1798 1599 2001 1636 excludere
2022 1607 2059 1636 et
2078 1599 2278 1636 admittere
2310 1613 2406 1650 quos

1394 1661 1561 1697 voluerit
1574 1689 1584 1707 ,
1604 1669 1752 1697 mutare
1775 1659 1990 1706 ministros,
2013 1660 2219 1697 transferre
2240 1661 2406 1699 ministe-

1397 1722 1454 1758 ria
1474 1721 1520 1757 ad
1548 1734 1645 1770 quos
1659 1748 1668 1766 ,
1690 1729 1729 1757 et
1753 1719 1909 1769 quando
1930 1721 2107 1757 voluerit.
2136 1725 2193 1758 lta
2214 1721 2342 1758 timori
2359 1722 2407 1760 sit

1397 1779 1598 1826 omnibus,
1618 1789 1660 1816 ut
1683 1780 1730 1816 sit
1745 1788 1783 1816 et
1800 1777 1967 1816 utilitati.
1991 1780 2122 1817 Praesit
2150 1779 2346 1827 omnibus,
2366 1789 2407 1818 ut

322 1841 454 1877 stodiae
483 1840 748 1889 jumentorum
771 1870 780 1884 ‚
806 1849 843 1876 et
878 1854 976 1877 curre
1011 1853 1228 1877 mensarum
1257 1855 1264 1877 :
1288 1848 1328 1875 tu
1350 1846 1376 1882 C
1397 1839 1575 1877 omnibus
1606 1840 1728 1890 prosit
1747 1869 1756 1886 ,
1792 1848 1829 1876 et
1849 1839 1896 1876 de
1917 1839 2109 1877 omnibus.
2143 1839 2406 1878 Clandestinas
2428 1848 2432 1856 “

323 1914 392 1950 per
419 1909 453 1936 te
476 1899 673 1949 quomodo
704 1899 906 1936 intendere
937 1900 1062 1936 valeas
1090 1908 1128 1936 et
1156 1908 1230 1936 tuae
1261 1899 1332 1936 do-

323 1961 401 1997 mui
417 1990 425 2005 ,
450 1969 487 1996 et
507 1960 661 1997 Domini
682 1959 856 2009 pariter?
879 1959 924 1995 de
948 1973 1023 2008 qua
1044 1960 1228 2009 seriptum
1249 1968 1305 1996 est
1322 1973 1330 1994 ε

329 2024 362 2058 Ο
391 2023 512 2056 Isi-ael
527 2049 537 2064 ,
574 2034 686 2068 qnam
717 2034 855 2069 magna
879 2029 934 2055 est
957 2022 1087 2055 domus
1119 2022 1276 2055 Domini
1292 2020 1331 2055 ⁴'!

327 2087 495 2119 Vacuum
530 2095 688 2131 prorsus
720 2095 740 2117 a
768 2080 1022 2117 sollicitudine
1046 2094 1173 2116 rerum
1210 2081 1335 2117 mino-

325 2156 408 2179 rum
441 2151 478 2178 ct
499 2142 629 2178 vilium
650 2149 803 2191 oportet
823 2154 903 2177 esse
922 2141 1090 2177 animum
1104 2170 1114 2187 ,
1143 2149 1219 2177 tam
1252 2154 1335 2177 ma-

325 2203 407 2252 gnis
436 2211 473 2238 ct
508 2211 581 2238 tam
617 2202 744 2237 multis
776 2201 964 2237 intentum
1002 2200 1129 2238 rebus.
1173 2203 1336 2250 Oportet

325 2262 487 2299 liberum
505 2292 514 2308 ,
536 2275 648 2311 quem
673 2261 777 2298 nulla
793 2260 864 2297 sibi
887 2261 1053 2298 vindicet
1078 2261 1246 2297 violenta
1268 2274 1334 2296 oc-

325 2323 490 2372 cupatio.
513 2326 677 2372 Oportet
701 2322 927 2371 ingenuum,
950 2335 1064 2371 quem
1087 2321 1192 2357 nulla
1222 2320 1335 2357 deor-

326 2396 408 2419 sum
438 2382 560 2418 trahat
585 2381 740 2431 indigua
771 2382 933 2418 affectio.
964 2385 1128 2431 Oportet
1160 2389 1304 2417 rectum
1322 2409 1331 2426 ,

326 2456 438 2491 quem
469 2442 570 2478 nulla
598 2455 768 2478 seorsum
803 2450 949 2478 avertat
975 2442 1125 2478 sinistra
1157 2441 1334 2478 intentio.

326 2507 489 2552 Oportet
523 2510 704 2548 cautum,
740 2515 854 2551 quem
892 2502 995 2538 nulla
1030 2500 1164 2538 subeat
1193 2501 1333 2537 furtiva

327 2562 502 2611 suspicio.
530 2564 691 2610 Oportet
706 2562 856 2610 vigilem
874 2591 882 2607 ,
905 2575 1017 2611 quem
1045 2561 1150 2597 nulla
1177 2559 1224 2597 ab
1253 2573 1333 2597 sese

1397 1908 1435 1936 et
1455 1908 1667 1936 susurratas
1694 1899 1906 1936 delationes
1926 1912 2006 1936 non
2036 1899 2198 1950 recipias
2225 1900 2407 1938 adversus

1399 1973 1486 1996 eum
1520 1974 1528 1996 ε
1567 1960 1685 2009 magis
1717 1959 1973 1997 detractiones
2001 1960 2205 1997 censueris.
2234 1963 2282 1998 Et
2311 1961 2408 1998 hanc

1399 2020 1513 2056 velim
1551 2020 1768 2069 generalem
1802 2019 1870 2056 tibi
1903 2020 2113 2058 constituas
2144 2021 2336 2070 regulam,
2367 2028 2408 2058 ut

1400 2094 1555 2117 omnem
1580 2110 1590 2127 ,
1622 2081 1687 2130 qui
1721 2080 1848 2130 palam
1880 2089 2036 2118 veretur
2065 2081 2192 2119 dicere
2229 2081 2332 2131 quod
2368 2082 2407 2119 in

1401 2154 1492 2177 aure
1518 2141 1670 2177 locutus
1696 2149 1773 2186 est,
1812 2149 2031 2191 suspectum
2062 2140 2215 2178 habeas.
2246 2141 2357 2190 Quod
2377 2142 2408 2180 si

1402 2208 1438 2237 te
1459 2199 1657 2249 judicante
1683 2199 1888 2237 dicendum
1909 2214 2037 2238 coram
2054 2202 2116 2239 ille
2133 2205 2325 2252 renuerit,
2347 2204 2408 2242 de-

1401 2261 1560 2297 latorem
1581 2260 1750 2310 judices,
1776 2275 1853 2298 non
1873 2271 2145 2301 accusatorem.

1459 2324 1518 2359 19.
1540 2326 1674 2372 Itaque
1694 2336 1792 2359 unus
1820 2322 1999 2360 omnibus
2027 2324 2199 2363 facienda
2215 2325 2407 2377 injungat,

1402 2391 1439 2420 et
1453 2383 1520 2419 uni
1535 2396 1669 2419 omnes
1685 2383 1956 2433 respondeant.
1972 2388 2029 2422 Tu
2045 2385 2101 2422 illi
2119 2385 2259 2424 habeas
2275 2387 2406 2433 fidem,

1401 2456 1540 2480 vacans
1563 2442 1632 2479 tibi
1660 2452 1699 2480 et
1723 2444 1901 2481 Ecclesiae
1928 2445 2013 2482 Dei.
2049 2445 2086 2484 Si
2110 2447 2317 2496 quominus
2346 2454 2409 2484 aut

1403 2503 1524 2541 fidelis
1552 2504 1792 2550 inveniatur,
1827 2514 1892 2542 aut
1922 2506 2116 2555 prudens,
2150 2508 2250 2545 fideli
2284 2508 2408 2559 potius

1400 2564 1730 2602 committendum.
1744 2568 1840 2602 Sane
1857 2579 1877 2602 e
1891 2566 2043 2604 duobus
2057 2568 2174 2605 tutius
2188 2569 2273 2606 hoc.
2288 2572 2409 2618 Quan-

328 2621 489 2657 abducat
509 2621 707 2670 peregrina
729 2629 766 2657 et
789 2621 938 2657 curiosa
958 2621 1148 2671 cogitatio.
1173 2624 1336 2670 Oportet
1355 2627 1387 2661 D
1402 2638 1516 2673 quam
1533 2625 1562 2661 si
1579 2624 1740 2662 idoneus
1761 2639 1838 2662 non
1862 2627 2072 2676 reperitur,
2089 2630 2158 2666 etsi
2174 2630 2299 2667 minus
2318 2630 2408 2667 fide-

328 2682 496 2725 firmum,
518 2693 632 2729 quem
650 2681 755 2716 nulla
776 2682 968 2717 concutiat
985 2681 1185 2731 repentina
1203 2680 1337 2717 turba-

329 2741 392 2777 tio.
426 2745 587 2790 Oportet
606 2741 810 2787 inx‘ictum,
836 2755 949 2790 quem
981 2742 1085 2778 nulla
1118 2741 1245 2790 fatiget
1275 2741 1336 2777 vel

329 2802 507 2837 continua
546 2801 752 2838 tribulatio.
797 2805 956 2852 Oportet
994 2802 1193 2852 amplum,
1222 2815 1334 2852 quem

331 2860 434 2896 nulla
454 2870 621 2897 coarctet
646 2862 697 2897 rei
725 2863 945 2912 temporalis
965 2862 1130 2899 amissio.

388 2921 445 2956 18.
476 2921 543 2956 llis
568 2929 602 2956 te
631 2935 707 2957 non
730 2922 879 2960 dubites
899 2933 936 2960 et
957 2923 1068 2960 bonis
1086 2923 1335 2973 privandum,

332 2987 369 3014 ct
405 2979 613 3015 feriendum
646 2982 752 3018 malis
772 3011 780 3027 ,
807 2983 836 3018 si
868 2984 1037 3019 animum
1067 2983 1267 3029 dividens,
1301 2992 1337 3019 et

330 3039 401 3076 Dei
428 3038 558 3084 rebus,
580 3049 616 3075 et
644 3041 715 3075 tuis
743 3043 884 3090 pariter
904 3045 1039 3080 reculis
1070 3043 1238 3080 volueris
1264 3044 1336 3079 im-

332 3098 476 3147 pertiri.
516 3100 781 3136 l‘rocurauidus
814 3116 927 3150 quem
951 3104 1138 3153 implices,
1168 3104 1232 3153 qui
1265 3118 1336 3153 pro

334 3166 368 3193 tc
393 3158 522 3193 molat.
552 3161 625 3194 Pro
660 3166 694 3193 tc
723 3158 807 3195 dico
827 3189 835 3205 ,
872 3174 947 3197 nou
983 3170 1117 3199 tecum.
1154 3163 1335 3211 Quaedam

330 3230 398 3266 per
421 3226 535 3253 temet
554 3217 685 3263 facies,
704 3219 875 3266 quredam
896 3234 964 3269 per
982 3231 1016 3257 te
1038 3231 1072 3258 ct
1091 3223 1183 3259 alios
1200 3224 1333 3271 simul;

375 3338 699 3370 ¹1'lin1111,.·›.ss-
718 3344 729 3359 ²
751 3339 797 3370 ld.
817 3352 847 3370 v.
870 3344 898 3369 8.

978 3339 1499 3379 ³Maitli.v1‚.'3:{.>—41'.aii1‹·h.
1524 3359 1582 3381 iii,
1609 3351 1645 3378 '23

1403 2685 1477 2721 lem
1499 2684 1684 2721 sustinere
1705 2685 1832 2734 potius
1857 2688 2040 2733 consulo,
2063 2702 2178 2738 quam
2199 2697 2234 2727 te
2253 2690 2408 2727 immer-

1403 2758 1490 2794 gere
1539 2744 1759 2794 labyrintho
1802 2746 1903 2783 huic.
1945 2751 2139 2785 Memento
2179 2750 2408 2788 Salvatorem

1402 2805 1539 2842 Judam
1574 2819 1819 2842 oeconomum
1840 2807 2017 2845 habuisse
2047 2807 2073 2846 ⁵.
2103 2810 2203 2857 Quid
2233 2810 2411 2860 episcopo

1404 2866 1553 2916 turpius
1571 2896 1580 2913 ,
1612 2880 1724 2916 quam
1746 2868 1968 2906 incumbere
1993 2871 2216 2920 supellectili
2230 2900 2239 2916 ,
2260 2880 2298 2908 et
2323 2869 2410 2908 sub-

1404 2928 1591 2963 stantiolae
1605 2940 1682 2964 suae
1699 2943 1706 2964 :
1723 2928 1884 2965 scrutari
1901 2930 2030 2966 omnia
2043 2958 2052 2975 ‚
2073 2930 2256 2968 sciscitari
2276 2930 2322 2968 de
2337 2930 2410 2967 sin-

1404 2987 1519 3035 gulis,
1544 2987 1712 3024 morderi
1743 2989 2044 3039 suspicionibus,
2066 2991 2212 3028 mox-eri
2233 2990 2280 3028 ad
2307 3003 2413 3041 quaeq

1405 3060 1479 3096 que
1502 3048 1651 3097 perdita
1669 3049 1728 3085 vel
1750 3049 1946 3099 neglecta?
1962 3050 2022 3087 Ad
2037 3051 2305 3088 verecundiam
2326 3050 2408 3088 dico

1403 3107 1658 3156 quorumdam
1702 3107 1910 3157 ejusmodi,
1951 3111 2202 3147 scrutantium
2243 3109 2410 3160 quotidie

1404 3180 1556 3203 omnem
1587 3167 1837 3205 substantiam
1870 3183 1999 3216 suam,
2023 3171 2303 3208 numerantium
2333 3170 2409 3207 sin-

1403 3227 1510 3274 gula,
1543 3227 1589 3263 de
1621 3228 1776 3264 minutis
1806 3237 1843 3264 et
1875 3230 2151 3279 quadrantibus
2179 3231 2407 3282 exigentium

1658 3375 1661 3378 .
1691 3367 1718 3369 μ
1751 3347 1870 3380 ἷ’]υειιι.
1895 3361 1958 3386 xii,
1978 3356 2008 3382 6,
