2517 3920
324 170 394 205 831

322 248 361 279 de
375 245 538 278 choisiaco
551 245 662 288 legitur
675 243 861 277 concessisse
874 255 956 275 auno
979 246 989 275 1
1004 246 1079 281 125,
1099 252 1192 284 quem
1209 249 1265 282 pro
1281 248 1336 269 an-

323 312 364 332 no
397 299 658 332 1135‘mendose
686 298 847 329 inductum
878 303 1008 329 testatur
1036 296 1175 328 Historia
1196 292 1335 335 ejusdem

328 353 462 385 coenobii
487 364 504 384 a
527 356 561 384 P.
578 353 713 385 Marrier
735 352 888 392 evulgata.
913 354 991 392 Quae
1015 350 1140 392 quidem
1158 345 1335 378 observatio

325 408 419 439 etiam
454 406 542 437 facile
568 406 752 448 persuadet,
783 405 965 447 episcopum
1000 403 1213 438 Meldensem,
1250 399 1336 440 cujus

327 461 517 492 mentionem
535 459 711 491 Bernardus
728 459 801 490 facit
816 458 919 489 statim
941 457 980 488 ab
1004 456 1093 488 initio
1115 454 1253 497 epistolae
1272 455 1313 483 42
1327 475 1334 489 ,

327 514 367 545 ad
396 514 567 544 Heuricum
597 516 825 549 Senonensem,
855 522 918 542 non
943 521 1008 541 esse
1036 512 1203 540 Manassen
1223 509 1272 542 II,
1303 510 1337 536 ut

328 567 417 597 multi
433 566 582 597 hacteuus
600 564 717 607 opinati
736 570 825 601 suut,
851 563 905 594 sed
925 563 1090 605 ipsummet
1108 558 1335 592 Burchardum.

328 623 404 651 ch
430 620 513 650 euim
542 618 671 660 epistola
697 617 811 659 scripta
836 623 881 647 est
906 616 945 647 ad
972 615 1141 646 Henricum
1167 623 1273 643 recens
1298 611 1338 642 ab

329 674 428 705 aulico
449 672 573 703 vivendi
590 682 700 713 genere
717 680 919 706 conversum,
945 675 979 699 ut
1001 669 1083 699 clare
1105 666 1239 697 insinuat
1263 667 1338 707 Ber-

328 727 445 757 nardus
469 733 533 757 tum
563 725 627 762 his,
659 731 723 755 tum
748 724 815 754 aliis
840 722 944 754 verbis
971 733 978 753 :
1006 737 1018 748 «
1039 723 1149 762 Nuper
1173 724 1295 755 autem,
1325 732 1338 744 n

329 781 429 822 inquit
441 805 447 817 ,
467 795 479 806 κ
497 779 588 810 nobis
608 789 625 808 a
642 777 750 808 vestris
772 776 913 818 partibus
934 775 1010 806 ssare
1025 774 1118 816 ccrpit
1140 783 1216 804 aura
1230 782 1339 802 secun-

330 849 342 860 »
362 834 441 864 dior.
470 831 661 863 Rumoribus
683 830 835 872 siquidem
858 828 1084 860 recentioribus
1105 826 1246 857 nuntiata
1268 830 1340 855 sunt

328 902 343 913 ι)
363 887 402 917 de
437 885 525 915 robis
560 884 650 914 solito
676 882 814 919 lfetiora‚
845 896 857 907 ι)
884 880 969 922 quod
994 880 1111 910 scilicet
1141 878 1340 910 Caruotensis

326 938 463 981 episcopi
489 936 624 968 consiliis
651 935 744 965 vitam
774 935 805 965 in
835 934 945 964 melius
974 932 1171 969 instituisset,
1199 937 1232 961 ut
1259 930 1340 961 infra

324 993 471 1023 declarat.
502 989 598 1030 Atqui
632 989 711 1019 hauc
744 987 886 1029 prcesulis
919 985 1107 1017 Senonensis
1132 985 1339 1014 mutationem

322 1043 455 1076 Houorii
478 1046 509 1073 II
533 1048 672 1083 tempore
692 1040 856 1081 contigisse
882 1045 1003 1069 constat
1023 1044 1089 1068 tum
1111 1048 1148 1068 ex
1171 1037 1262 1079 epist.
1279 1039 1335 1073 49,

323 1098 363 1129 ad
386 1098 487 1138 ipsum
511 1094 705 1131 Honorium,
727 1094 776 1124 cui
793 1093 964 1123 Heni-icum
983 1091 1117 1122 maxime
1140 1089 1339 1121 commendat

323 1151 470 1181 adversus
493 1147 643 1179 Ludovici
663 1146 770 1178 Grossi
794 1145 1025 1182 infestationes;
1051 1150 1117 1175 tum
1140 1155 1178 1174 ex
1200 1143 1338 1185 ipsarum

321 1214 414 1235 causa
438 1201 669 1233 infestationum
682 1225 688 1237 ‚
706 1211 799 1241 quam
821 1211 885 1230 uon
908 1199 1001 1230 aliam
1018 1198 1111 1229 fuisse
1124 1203 1238 1240 praeter
1252 1200 1338 1227 Heu-

320 1258 377 1289 rici
404 1256 660 1293 conversionem,
680 1254 802 1285 disertis
829 1253 932 1285 verbis
958 1252 1075 1284 ibidem
1103 1251 1223 1282 asserit.
1238 1267 1252 1277 α
1275 1250 1339 1292 Qui

324 1327 339 1338 »
354 1318 446 1349 ante,
468 1326 480 1337 »
504 1309 623 1351 inquit,
649 1324 661 1335 w
688 1308 719 1338 in
742 1308 851 1339 habitu
874 1313 1007 1348 actuque
1030 1305 1170 1336 saeculari
1192 1303 1339 1335 honorati

324 1380 337 1392 »
358 1370 429 1396 suut
451 1363 598 1394 sublimes
610 1386 617 1399 ,
632 1361 761 1403 judicati
784 1360 890 1391 fideles
901 1384 908 1398 ,
923 1359 1022 1390 habiti
1036 1359 1203 1390 familiares
1220 1369 1227 1395 ;
1244 1357 1338 1388 modo

326 1434 338 1445 »
360 1417 477 1449 inimici
500 1416 572 1447 facti
595 1421 667 1446 sunt
689 1414 781 1456 digne
795 1425 850 1445 suo
864 1412 1037 1445 sacerdotio
1054 1417 1289 1448 conversantes,
1308 1416 1340 1441 et

327 1486 340 1499 »
361 1482 417 1513 per
440 1469 544 1501 onmia
566 1468 807 1499 honorificantes
828 1466 1033 1497 ministerium
1055 1476 1198 1496 suum....
1214 1465 1295 1495 Hinc
1309 1469 1340 1494 et

326 1540 339 1551 n
359 1535 442 1555 nunc
464 1522 583 1553 domini
606 1521 792 1553 senonensis
809 1520 1016 1551 constantiam
1030 1524 1196 1550 concutere
1210 1525 1237 1550 et
1252 1517 1339 1548 labe-

326 1593 339 1605 »
360 1577 476 1608 factare
497 1581 646 1613 conatur,
665 1590 677 1601 n
692 1580 751 1605 etc.

374 1633 438 1661 166
468 1631 501 1660 R.
538 1640 579 1658 An
602 1639 771 1658 Arum-EM.
788 1645 833 1649 -
847 1629 996 1657 Attonem
1020 1625 1134 1668 (alias,
1153 1628 1310 1655 Matonem
1327 1625 1339 1667 )

322 1683 512 1715 monachum
535 1681 628 1713 fuisse
640 1681 874 1712 (Iluniacensem
891 1680 1049 1711 affirmant
1066 1690 1174 1710 omnes
1192 1689 1199 1709 :
1219 1679 1273 1709 sed
1287 1679 1340 1721 qui

323 1743 395 1768 ante
417 1736 565 1778 adeptum
588 1734 822 1777 pontificatum,
849 1733 938 1764 facile
961 1734 1164 1764 revincuntur
1189 1743 1226 1763 ex
1257 1733 1340 1765 Petri

323 1789 520 1822 Venerabilis
536 1789 664 1831 epistola
679 1792 734 1825 50,
752 1787 806 1818 lib.
825 1789 842 1816 2
859 1797 866 1818 ε
883 1802 894 1812 «
911 1786 975 1817 Ubi
993 1792 1050 1824 est,
1070 1801 1081 1812 »
1098 1785 1210 1827 inquit,
1222 1800 1234 1811 n
1248 1786 1343 1817 devo-

325 1860 338 1872 »
362 1845 404 1875 tio
421 1844 485 1881 illa,
504 1842 558 1873 ubi
574 1848 619 1872 est
633 1841 761 1872 affectus
778 1841 828 1871 ille
844 1840 922 1871 ccx-lo
936 1839 1138 1881 appropians,
1160 1839 1222 1869 imo
1237 1839 1338 1881 ipsum

328 1914 343 1924 n
362 1898 473 1929 coelum
486 1922 493 1935 ,
514 1902 547 1927 ut
561 1896 626 1937 jam
644 1894 820 1931 videbatur,
837 1904 1044 1935 exsuperans,
1062 1903 1123 1934 quo
1142 1898 1170 1923 te
1184 1891 1260 1922 mihi
1275 1904 1339 1924 non

328 1967 340 1978 n
362 1951 431 1982 dico
461 1950 493 1981 in
521 1949 667 1985 fratrem,
702 1947 779 1984 sed,
806 1953 839 1978 ut
872 1946 974 1977 verbis
1000 1946 1059 1976 tuis
1086 1952 1115 1976 te
1146 1945 1341 1977 familiariter

330 2020 342 2032 u
363 2015 489 2046 arguam
504 2028 512 2040 ,
532 2003 564 2033 in
581 2002 678 2032 silium
696 2012 732 2032 ac
759 1999 947 2031 monachum
972 1999 1149 2030 devovisti?
1174 1999 1236 2030 [bi
1263 1999 1341 2030 fides

331 2074 343 2085 »
364 2058 455 2095 data,
482 2057 535 2087 ubi
559 2063 680 2097 tempus
702 2054 923 2091 constitutum,
950 2053 1003 2083 ubi
1027 2052 1227 2083 denominata
1252 2053 1338 2090 dies,

331 2128 343 2139 »ι
364 2110 489 2153 quaudo
519 2116 548 2141 te
573 2108 725 2140 mundum
751 2107 913 2143 deserere,
944 2106 1092 2137 humilem
1119 2111 1147 2136 et
1172 2116 1342 2147 pauperem

334 2180 346 2192 »
366 2168 474 2196 Jesum
496 2163 582 2204 sequi
607 2161 747 2192 sublimis
773 2159 875 2191 adhuc
897 2166 926 2190 et
949 2159 1034 2190 (lives
1060 2159 1224 2201 episcopus
1247 2159 1342 2190 devo·

333 2234 345 2245 »
368 2218 459 2249 visti?
486 2232 499 2243 r>
525 2216 611 2247 Idem
633 2214 728 2245 habet
751 2213 820 2244 libri
842 2213 943 2255 quarti
966 2213 1097 2255 epistola
1119 2216 1158 2244 27
1184 2223 1192 2243 .·
1220 2228 1231 2239 ι(
1249 2213 1343 2254 Quod

332 2286 344 2299 u
366 2283 428 2302 non
442 2270 544 2307 dedit,
562 2285 573 2296 n
590 2269 706 2310 inquit,
725 2283 736 2293 «
753 2267 1064 2308 amicitiaejuventus,
1083 2266 1221 2297 conferet
1235 2267 1344 2297 saltem

334 2340 346 2352 n
367 2330 520 2356 senectus.
547 2338 558 2349 »ι
591 2322 650 2354 Sed
678 2332 802 2352 omnem
830 2320 958 2351 omnino
984 2319 1173 2350 difficultatis
1201 2319 1345 2351 umbram

331 2378 427 2419 abigit
440 2376 570 2419 epistola
588 2375 668 2406 Petri
692 2374 848 2405 Prioris...
864 2373 996 2404 Joannis
1018 2376 1135 2414 Evang.
1157 2374 1345 2404 Senonensis

332 2432 371 2462 ad
394 2430 537 2462 eumdem
558 2433 703 2459 Allonem
717 2427 996 2468 congratulatoria,
1013 2437 1107 2467 quam
1130 2426 1247 2468 publici
1267 2427 1345 2468 juris

329 2484 400 2515 fecit
421 2483 575 2515 Severtius
591 2482 621 2512 in
635 2481 782 2522 Catalogo
802 2480 1029 2522 Episcoporum
1043 2481 1322 2512 Matisconeusium
1336 2504 1344 2518 ,

330 2538 362 2569 in
375 2541 552 2569 Joceranno
564 2561 571 2575 ,
589 2536 606 2577 ᾗ
623 2538 639 2566 4
650 2560 659 2573 ,
685 2535 771 2576 cujus
793 2534 843 2565 hic
860 2534 978 2575 aliquot
1001 2533 1104 2575 apices
1121 2540 1346 2576 repraesentare

330 2593 418 2624 lubet
443 2603 451 2624 :

332 2718 344 2729 «
360 2700 568 2733 Dilectissimo
582 2702 622 2730 D.
639 2704 667 2729 et
679 2698 759 2740 patri
779 2708 834 2728 suo
849 2696 1028 2728 venerando
1042 2696 1182 2738 pontifici
1198 2700 1344 2736 ΗΑτοΝι,

383 2771 395 2782 »
415 2754 540 2797 caputio
563 2757 599 2785 B.
627 2752 787 2783 Benedicti
814 2752 944 2783 feliciter
978 2751 1135 2788 laureato,
1156 2755 1190 2783 P.
1216 2751 1348 2793 pusillus

378 2825 392 2835 a
413 2818 520 2838 servus
540 2805 671 2843 Christi,
699 2805 841 2836 oblivisci
860 2805 1013 2847 populum
1044 2815 1135 2835 suum
1158 2810 1189 2836 et
1217 2804 1348 2835 domum

385 2878 398 2890 »
418 2861 514 2904 patris
539 2861 596 2892 sui.

382 2972 644 3001 „Sacramentum
665 2967 819 2998 unctionis
847 2974 908 2998 tuae
933 2966 1162 3009 transmigratio
1193 2973 1263 3005 tua,
1296 2978 1349 2998 re-

340 3040 353 3052 »
373 3022 512 3055 nerande
538 3027 638 3062 pater,
658 3031 722 3051 non
747 3020 886 3052 dissolvit
907 3031 914 3052 z
942 3020 997 3051 sed
1021 3031 1083 3062 quo
1110 3020 1206 3062 magis
1229 3021 1350 3052 accedis

337 3094 351 3105 ‚1
373 3077 413 3108 ad
437 3074 625 3111 Dominum,
643 3084 680 3104 eo
695 3084 814 3114 gemma
830 3074 876 3104 tui
894 3073 996 3104 meriti
1015 3073 1175 3115 pulchrius
1194 3074 1349 3106 elucescit.

337 3149 350 3160 η
370 3137 511 3164 Lucerna
538 3129 654 3171 quippe
688 3138 727 3158 ne
758 3138 776 3158 a
810 3127 909 3159 ventis
946 3127 1139 3166 exsuffletur,
1172 3139 1189 3159 a
1222 3128 1349 3171 publico

335 3202 348 3214 υ
369 3185 490 3217 sublata
515 3183 624 3214 melius
647 3182 679 3213 in
704 3181 797 3213 domo
819 3182 918 3219 lucet;
943 3188 973 3212 et
998 3181 1086 3212 navis
1112 3192 1205 3223 quam
1229 3188 1349 3224 tempe-

338 3257 350 3269 »
371 3247 432 3272 stas
455 3238 487 3269 in
509 3236 655 3268 fluctibus
681 3235 833 3277 agitabat,
860 3235 989 3266 latibula
1013 3242 1192 3277 cryptarum
1213 3237 1348 3279 ingressa

336 3310 348 3323 »
370 3301 436 3326 tuta
462 3298 586 3329 manet3
616 3297 645 3322 et
665 3300 799 3332 persona
822 3300 890 3331 quse
913 3288 1023 3319 mundi
1048 3289 1188 3321 turbines
1213 3291 1349 3323 evadens

333 3370 346 3382 ῃ
370 3348 497 3379 domum
520 3344 604 3387 pat-is
631 3343 813 3386 ingreditur,
843 3344 994 3386 jacturam
1023 3342 1153 3374 aliorum
1180 3346 1348 3387 respiciens

824 167 874 201 IN
903 166 1084 202 TOMUM
1116 162 1314 199 PRIMUM
1345 161 1551 196 OPERUM
1577 161 1613 195 S.
1648 159 1901 193 BERNARDI

2332 159 2406 196 832

1403 251 1415 264 ι·
1437 237 1476 268 de
1503 236 1726 278 tranquillitate
1752 246 1807 266 sua
1833 234 2014 276 gratulatur.
2049 237 2200 266 Recessus
2226 246 2246 267 a
2278 237 2407 277 mundo,

1405 306 1417 317 ι»
1435 291 1515 321 sicut
1549 289 1721 321 Paternitas
1745 295 1799 320 tua
1823 289 1929 326 novit,
1957 298 2096 319 accessus
2121 295 2166 320 est
2191 289 2230 320 ad
2255 291 2410 323 coelestcm

1406 358 1418 370 »
1437 343 1586 375 thronum
1597 367 1604 380 ,
1625 349 1655 374 et
1668 342 1815 373 cathedra
1829 347 1941 384 sponte
1955 341 2101 373 derelicta
2114 342 2240 384 majoris
2253 350 2299 375 est
2311 344 2410 387 digni-

1406 412 1418 423 »
1438 397 1508 428 tatis
1522 397 1653 439 signum.
1668 399 1712 427 Ea
1732 402 1862 438 propter
1875 395 1984 425 domos
1998 405 2069 425 suas
2089 396 2192 437 plures
2205 396 2364 436 exierunt,
2381 405 2412 430 et

1406 464 1418 476 ιι
1438 450 1549 492 majori
1575 450 1648 481 satis
1680 449 1760 480 felici
1785 448 1972 479 commercio
1998 449 2108 480 lucrati
2135 455 2218 481 sunt.
2245 451 2413 493 Gregorius

1406 517 1419 529 »
1438 503 1655 534 Nazianzenus
1675 502 1741 533 sedi
1763 513 1825 533 sua:
1848 502 2047 539 renuntians,
2064 502 2129 532 ruri
2151 501 2246 534 vitam
2269 504 2412 537 monachi

1407 571 1419 583 n
1439 557 1510 598 egit.
1524 560 1543 588 J
1547 563 1632 587 ustus
1654 555 1867 597 Lugdunensis
1881 555 1921 586 ad
1934 566 2074 586 eremum
2088 556 2266 598 AEgyptium
2278 557 2414 590 declina-

1407 624 1420 636 ιι
1440 610 1495 641 vit.
1518 610 1716 641 VVilfrannus
1738 609 1944 647 Senonensis,
1969 608 2134 640 Frisonum
2155 610 2331 651 apostolus,
2347 622 2414 643 mo-

1408 677 1420 689 »
1440 663 1576 694 nasterio
1598 663 1789 695 Fontanellae
1812 662 1852 693 ad
1875 668 2049 693 extremum
2072 673 2104 693 se
2126 662 2265 694 tradidit.
2279 663 2362 705 Quia
2380 664 2415 697 hi

1407 731 1420 743 n
1440 716 1567 758 quidem
1591 717 1708 747 meritis
1729 715 1924 757 exigentibus
1946 716 2040 746 sacris
2062 715 2279 758 pulvinaribus
2304 727 2415 760 corpo-

1408 784 1421 796 »
1441 771 1548 802 raliter
1582 770 1770 801 exhibentur
1797 781 1805 800 :
1831 769 2011 812 pontificale
2044 780 2118 800 vero
2147 779 2262 800 nomen
2287 771 2415 812 sepultis

1407 838 1420 850 u
1440 824 1533 855 etiam
1550 829 1763 854 conservatur.
1779 826 1905 854 Possem
1927 828 1958 853 et
1980 822 2057 853 alios
2070 822 2249 864 hujusmodi
2263 822 2420 856 adducere

1408 891 1419 904 ιι
1441 877 1545 919 plures
1567 877 1599 908 in
1621 877 1758 907 medium
1773 885 1781 907 :
1799 877 1852 907 sed
1876 876 1909 907 in
1930 876 2016 906 omni
2039 875 2137 906 verbo
2153 875 2296 907 sufficere
2316 883 2417 918 potest

1407 945 1419 957 υ
1439 931 1533 961 trium
1559 930 1781 961 testimonium.
1798 931 1951 960 Caeterum
1974 928 2015 959 ad
2036 934 2085 966 te,
2107 927 2288 960 charissime
2308 936 2412 972 pater,

1407 998 1419 1010 n
1440 984 1545 1014 stilum
1562 990 1668 1021 verto,
1685 990 1807 1026 tuceque
1829 982 1968 1013 felicitati
1990 987 2074 1013 totus
2095 982 2296 1024 congaudeo,
2324 994 2415 1025 quem

1407 1051 1419 1063 n
1440 1036 1628 1068 Senonensis
1650 1037 1787 1067 Ecclesia
1803 1036 1955 1066 decanum
1972 1041 2003 1066 et
2016 1034 2271 1066 archidiaconum
2285 1035 2393 1069 habuit
2406 1062 2414 1075 ,

1407 1104 1420 1116 n
1441 1089 1623 1120 Trecassina
1647 1089 1735 1120 sedes
1766 1088 1946 1131 pontificem
1969 1087 2138 1130 gloriosum
2165 1088 2318 1128 obtinuit,
2344 1091 2416 1122 clu-

1407 1158 1419 1169 n
1440 1142 1547 1173 niacus
1563 1142 1662 1173 civem
1676 1148 1854 1173 sanctorum
1869 1148 1899 1173 et
1912 1141 2119 1173 domesticum
2131 1141 2191 1173 Dei
2205 1141 2290 1174 facit.
2307 1158 2323 1169 u

1405 1251 1491 1283 Idem
1515 1251 1679 1294 episcopus
1698 1251 1837 1283 interfuit
1865 1250 1998 1282 concilio
2022 1250 2171 1282 Trecensi
2194 1261 2278 1282 anno
2309 1254 2414 1290 1128,

1405 1310 1470 1336 tum
1496 1305 1590 1336 etiam
1616 1305 1728 1335 Pisano
1748 1315 1832 1335 anuo
1853 1306 1939 1336 1134
1953 1328 1960 1341 ,
1978 1303 2009 1334 in
2022 1303 2126 1334 reditu
2139 1303 2242 1346 capite
2265 1305 2418 1337 sauciatus

1404 1370 1504 1401 prope
1513 1359 1846 1390 Trenuilum-Pontem
1859 1357 1956 1389 Italiae
1969 1356 2134 1399 oppidum,
2150 1357 2354 1400 captivusque
2367 1358 2418 1390 ab-

1405 1412 1516 1443 ductus
1536 1423 1606 1443 cum
1625 1412 1783 1454 plerisque
1802 1411 1976 1443 Galliarum
1989 1410 2173 1452 praesulibus
2188 1421 2196 1442 :
2211 1411 2251 1442 de
2270 1422 2332 1453 qua
2351 1411 2418 1454 qui-

1405 1467 1476 1498 dem
1490 1467 1602 1509 injuria
1620 1470 1728 1498 Petrus
1742 1466 1953 1499 Cluniacensis
1966 1465 2066 1496 missis
2080 1465 2191 1497 litteris
2201 1491 2210 1504 ,
2225 1477 2339 1509 nempe
2352 1467 2418 1510 epi-

1406 1521 1483 1551 stola
1502 1524 1541 1552 27
1558 1520 1612 1551 lib.
1628 1523 1661 1558 3,
1675 1520 1759 1563 apud
1774 1519 1993 1551 Innocentium
2006 1519 2226 1561 expostulavit.
2240 1520 2303 1551 Diu
2316 1526 2420 1551 tamen

1405 1573 1594 1616 supervixit,
1615 1573 1741 1604 demum
1757 1573 1898 1605 Cluniaci
1922 1578 2064 1604 mortuus
2079 1583 2163 1604 anno
2187 1575 2288 1612 1145,
2310 1580 2420 1615 quarto

1405 1627 1556 1659 kalendas
1573 1627 1777 1669 septembris,
1807 1634 1840 1658 ut
1859 1633 1987 1658 notatur
2012 1625 2046 1656 in
2071 1626 2266 1658 Kalendario
2285 1626 2422 1658 coenobii

1406 1680 1652 1712 Arremarensis.
1672 1680 1755 1712 Vide
1774 1680 1989 1712 Camusatium
2013 1678 2046 1711 in
2074 1679 2294 1722 Promptuario
2320 1691 2420 1711 sacra-

1407 1745 1476 1765 rum
1498 1734 1717 1776 antiquitatum
1738 1732 1929 1765 Trecassinae
1953 1734 2113 1772 dioecesis,
2137 1739 2167 1764 et
2191 1733 2365 1765 Severtium
2389 1733 2421 1765 in

1411 1788 1559 1829 Catalogo
1579 1787 1807 1829 Episcoporum
1831 1788 2034 1819 Trecensium
2051 1793 2082 1819 et
2100 1786 2328 1829 Episcoporum
2351 1790 2422 1818 Ma-

1405 1841 1642 1872 tisconensinm.

1461 1897 1523 1925 109
1551 1896 1591 1925 A.
1620 1905 1859 1924 GtLLEBERTUM
1889 1905 2138 1925 UN1VERSALEM.
2156 1911 2200 1915 --
2223 1893 2273 1925 Sic
2299 1893 2419 1933 dictus,

1408 1947 1493 1989 quod
1511 1962 1523 1973 «
1543 1947 1574 1977 in
1600 1946 1718 1977 cunctis
1738 1946 1831 1988 hujus
1856 1947 1967 1978 mundi
1992 1947 2179 1990 sapientium
2198 1946 2309 1978 litteris
2335 1947 2421 1979 lude-

1411 2016 1425 2027 »
1442 2007 1508 2038 ret,
1538 2015 1550 2027 »
1577 2011 1631 2031 seu
1658 2000 1843 2038 excelleret,
1872 2007 1907 2032 ut
1931 2000 1992 2032 hoc
2013 2001 2082 2032 loco
2101 1999 2208 2032 scribit
2233 2000 2420 2032 Bernardus.

1409 2054 1478 2085 Fuit
1494 2061 1565 2085 ante
1582 2054 1773 2096 pontificiam
1787 2054 1968 2096 dignitatem
1983 2054 2151 2086 canonicus
2169 2054 2422 2086 Autissiodoren-

1410 2107 1449 2138 sis
1461 2132 1468 2145 ,
1488 2107 1527 2138 de
1553 2118 1616 2149 quo
1634 2107 1855 2149 Necrologium
1874 2108 1941 2150 ejus
1958 2108 2103 2140 Ecclesiae
2126 2118 2134 2139 :
2160 2122 2172 2135 α
2192 2107 2336 2139 Secundo
2355 2107 2423 2139 idus

1412 2175 1425 2187 ιι
1445 2161 1565 2202 augusti
1584 2160 1660 2191 obiit
1680 2160 1867 2192 venerabilis
1883 2161 2042 2192 memoriae
2055 2160 2200 2203 magister
2214 2160 2420 2199 Gislebertus,

1412 2215 1568 2245 »Veteris
1594 2220 1625 2245 et
1652 2215 1735 2246 Novi
1760 2215 1953 2246 Testamenti
1976 2215 2128 2256 glossator
2156 2214 2305 2252 eximius,
2333 2213 2424 2256 hujus

1413 2282 1426 2294 n
1447 2268 1591 2298 Ecclesia:
1629 2267 1798 2299 canonicus
1810 2292 1817 2305 ,
1854 2268 2058 2310 postmodum
2091 2278 2166 2299 vero
2200 2266 2424 2299 Londoniensis

1413 2336 1428 2347 υ
1448 2321 1612 2364 episcopus
1641 2322 1739 2353 factus
1771 2333 1778 2353 :
1810 2322 1863 2364 qui
1893 2328 2007 2364 praeter
2039 2328 2151 2353 caetera
2187 2332 2256 2364 quae
2289 2320 2424 2352 ecclesiae

1413 2390 1426 2402 »
1446 2382 1561 2406 nostra.-
1595 2387 1633 2407 ex
1659 2376 1772 2417 Anglia
1801 2376 2014 2407 transmiserat
2038 2381 2240 2413 ornamenta,
2270 2374 2424 2416 octoginta

1414 2444 1426 2456 »ι
1448 2429 1525 2460 duas
1542 2430 1637 2462 libras
1656 2430 1756 2461 eidem
1774 2430 1911 2461 ecclesiae
1927 2430 2078 2467 contulit,
2102 2444 2114 2456 n
2132 2435 2192 2460 etc.
2217 2427 2425 2460 Londoniensi

1411 2483 1556 2514 Ecclesiae
1573 2483 1697 2526 przrfuit
1718 2483 1758 2514 ab
1775 2495 1858 2515 anno
1882 2487 1891 2515 1
1907 2487 1966 2515 128
1986 2483 2026 2514 ad
2042 2494 2160 2514 annum
2181 2485 2192 2514 1
2207 2486 2282 2514 133.

1466 2541 1527 2569 189
1551 2540 1587 2568 C.
1606 2548 1777 2579 pauperem
1793 2538 1909 2570 vix-ere.
1927 2556 1968 2560 —
1984 2537 2134 2569 Avaritiae
2154 2537 2165 2577 (
2175 2537 2219 2568 sic
2235 2542 2306 2568 sunt
2325 2535 2425 2572 homi-

1413 2601 1488 2621 num
1512 2590 1651 2632 judicia)
1672 2591 1703 2621 id
1722 2591 1753 2621 in
1779 2591 1958 2623 Gisleberto
1979 2591 2145 2634 imputavit
2162 2590 2317 2622 Heni-icus
2335 2592 2423 2620 Hun-

1413 2645 1619 2677 tindoniensis
1643 2646 1675 2677 in
1705 2646 1835 2688 epistola
1861 2647 1900 2678 de
1927 2649 2118 2689 Contemptu
2143 2645 2272 2684 mundi,
2294 2644 2378 2676 edita
2392 2643 2425 2674 in

1416 2698 1575 2741 Spicilegii
1593 2706 1679 2731 tomo
1698 2703 1730 2731 8.

1470 2756 1534 2784 170
1554 2757 1594 2784 Α.
1614 2753 1713 2785 cauda
1738 2753 1847 2785 hostiae
1871 2753 1966 2796 capiti
1982 2754 2200 2796 conjungatur.
2215 2771 2262 2776 —
2275 2749 2426 2784 Paroemia

1415 2806 1575 2837 Bernardo
1592 2806 1751 2838 familiaris
1767 2807 1807 2838 ad
1832 2807 2066 2849 significandam
2087 2804 2369 2849 perseverantiam,
2388 2813 2426 2835 ex

1415 2859 1571 2897 Levitico,
1601 2872 1659 2898 111,
1695 2863 1725 2891 7.
1750 2860 1832 2892 Vide
1857 2867 1948 2892 notas
1973 2861 2013 2892 ad
2046 2860 2210 2903 epistolam
2240 2861 2294 2891 78.
2319 2861 2426 2889 Petrus

1416 2913 1565 2945 Cellensis
1587 2914 1619 2944 in
1640 2914 1712 2945 libri
1728 2915 1827 2956 quinti
1844 2915 1975 2958 epistola
1989 2917 2007 2946 8
2025 2925 2033 2946 ε
2051 2929 2065 2941 «ι
2083 2915 2167 2945 Cave
2185 2912 2335 2950 caudam3
2356 2919 2426 2942 cum

1418 2981 1431 2994 n
1451 2973 1515 2998 tam
1531 2967 1632 2998 omnis
1648 2968 1731 3006 laus,
1760 2979 1854 3010 quam
1879 2979 1973 3000 omne
1997 2967 2187 3010 vituperium
2205 2965 2238 2997 in
2259 2965 2376 3004 cauda,
2394 2961 2425 2994 id

1419 3035 1432 3047 »
1452 3027 1497 3052 est
1515 3021 1547 3051 in
1567 3021 1629 3052 line
1647 3021 1843 3054 terminetur.
1864 3037 1877 3049 ι)

1472 3078 1536 3106 170
1556 3077 1591 3105 Β.
1624 3086 1895 3107 ΒοτοΜΑὓεΝεΕΜ
1923 3085 2224 3106 Ancuxsmscorcm.
2241 3090 2283 3095 —
2297 3073 2346 3102 De
2360 3069 2424 3112 ejus

1417 3127 1582 3165 electione,
1602 3138 1671 3168 quae
1689 3139 1772 3159 anuo
1793 3134 1801 3160 1
1816 3133 1881 3162 130
1898 3128 1979 3160 facta
1992 3133 2051 3166 est,
2070 3133 2169 3159 exstat
2186 3125 2260 3157 cleri
2277 3128 2425 3156 Rotoma-

1416 3181 1516 3224 gensis
1533 3181 1663 3223 epistola
1680 3181 1721 3212 ad
1736 3184 1914 3215 Honorium
1930 3186 1962 3215 II
1978 3192 2094 3225 papam
2114 3181 2147 3212 in
2168 3177 2321 3222 Spicilegii
2342 3183 2425 3208 tomo

1418 3239 1455 3274 3,
1476 3245 1547 3277 pag.
1572 3237 1648 3272 151,
1672 3234 1725 3265 ubi
1741 3235 1808 3267 haee
1823 3237 1920 3269 verba
1937 3246 1946 3268 :
1966 3251 1979 3263 «ι
2001 3235 2155 3277 Elegimus
2174 3232 2325 3265 electione
2342 3239 2425 3262 com-

1419 3303 1431 3315 »
1452 3288 1538 3318 muni
1552 3287 1649 3318 filium
1664 3295 1806 3320 nostrum
1819 3294 1986 3332 Hugonem
1998 3314 2006 3327 ,
2022 3288 2170 3320 abbatem
2183 3285 2422 3327 Radingensem,

1418 3359 1430 3370 »
1451 3340 1542 3372 nobis
1558 3340 1589 3371 in
1608 3341 1798 3383 pontificem.
1819 3358 1831 3371 n
1849 3347 1963 3375 Fuerat
1978 3342 2003 3374 is
2019 3341 2191 3374 monachus
2202 3339 2338 3384 primtun
2355 3336 2423 3369 Clu-

2492 148 2494 204 l
