2565 3952
58 192 127 230 157
978 195 1245 231 EPISTOLAE.

1114 272 1127 290 5

50 285 164 323 quam
194 270 327 321 utique
357 278 458 307 totus
489 278 565 307 tam
592 270 738 317 clerus,
758 261 874 320 quain
900 272 1072 322 populus
1095 271 1108 290 ⁵

50 333 133 384 pari
161 340 254 368 voto
281 339 317 367 ct
337 344 433 367 voce
461 339 723 367 convenerant
750 339 787 368 et
809 332 1070 378 conveniunt,
1090 334 1122 368 A
1142 353 1817 372 nummum-»mu„nummuuumm

49 402 185 431 vestrae
203 391 357 429 Pietatis
373 404 571 428 assensum
589 391 795 442 impetrare
814 393 1071 443 nequiverint.

49 458 106 492 De
139 466 213 503 qua
245 466 285 489 re
313 452 343 489 si
374 461 411 489 et
439 461 571 489 nostra
601 453 789 502 quaeritur
818 462 885 490 aut
915 463 1074 492 curatur

49 514 257 560 sententia,
279 514 460 551 novimus
480 514 677 550 hominem
705 527 806 551 sanae
836 514 925 552 fidei
949 524 986 552 et
1005 515 1073 553 do-

49 576 178 613 ctrinae
195 574 382 611 hactenus
400 575 618 621 exstitisse3
640 575 678 612 in
702 575 842 613 divinis
864 577 1010 627 pariter
1034 586 1073 614 et

48 635 226 674 humanis
244 635 477 686 prudentem
497 649 598 683 esse3
621 644 659 673 et
677 650 876 687 speramus
892 638 931 674 in
953 638 1070 675 domo

47 698 118 736 Dei
138 696 192 749 (si
210 705 338 734 tamen
360 697 443 747 ipse
469 697 583 747 elegit
609 697 722 749 eum)
746 699 827 735 fore
851 712 917 735 vas
938 699 977 735 in
999 699 1072 736 ho—

47 771 181 796 norem
197 787 207 805 ,
228 766 266 794 et
286 757 420 794 utilem
446 758 617 795 futurum
644 772 723 795 non
752 760 877 796 solum
909 760 982 807 illi,
1005 761 1071 798 sed

46 829 84 858 et
100 819 206 857 omni
226 818 432 858 Gallicanae
453 820 645 857 Ecclesiae.
663 824 808 858 Vestrae
825 820 905 870 jam
927 822 1069 859 discre-

47 880 162 918 tionis
179 878 443 929 estjudicare,
471 893 519 917 an
541 881 680 918 merito
702 882 897 932 flagitetur
916 896 937 920 a
957 883 1067 922 vobis

46 941 217 980 facienda
240 941 500 994 dispensatio,
519 941 624 980 unde
655 943 740 980 talis
770 952 899 994 potest
920 945 1067 996 sperari

45 1003 365 1054 recompensatio.

43 1133 1067 1145 ==================================================================

251 1243 628 1301 EPISTOLA
670 1240 853 1301 XIV.a

229 1385 278 1407 AD
306 1385 471 1408 EUMDEM
504 1383 712 1408 HONORIUM
745 1382 877 1408 PAPAM.

41 1489 172 1520 Causam
186 1486 333 1520 Ecclesiae
346 1486 548 1520 Divionensis
562 1497 686 1518 summo
696 1486 842 1519 Pontifici
853 1486 1067 1519 commendat.

41 1605 198 1641 Summo
236 1602 413 1654 pontifici
446 1606 661 1650 Hoxomo,
695 1603 814 1640 frater
839 1606 1070 1641 BERNARnss

92 1672 251 1701 vocatus
287 1663 406 1702 abbas
436 1665 723 1711 Clarae-Vallis,
755 1665 916 1702 salutern
934 1695 944 1713 ,
971 1673 1011 1702 et
1039 1665 1068 1702 si

92 1725 185 1777 quid
212 1734 341 1777 potest
371 1726 585 1777 peccatoris
614 1726 753 1764 oratio.

87 1852 241 1898 Quanto
277 1847 326 1886 ad
356 1862 428 1886 vos
464 1849 604 1886 timore
637 1848 952 1897 scribam‚novit
978 1849 1061 1900 ipse

35 1925 149 1961 quem
170 1911 349 1948 timemus
374 1911 413 1948 in
435 1910 560 1949 vobis.
597 1911 671 1950 Sed
702 1920 744 1948 ut
779 1911 962 1959 audeam,
985 1912 1057 1949 do·
1080 1912 1108 1948 C

35 1972 138 2009 mina
158 1971 321 2009 charitas
339 1972 428 2009 facit
450 1988 457 2009 :
483 1972 631 2023 quippe
648 1986 735 2023 quae
750 1972 917 2023 imperat
933 1981 971 2009 et
990 1987 1061 2010 vo-

33 2031 103 2071 bis.
125 2037 201 2071 Pro
222 2034 392 2071 Ecclesia
422 2034 645 2071 Divionensi
673 2042 828 2084 rogatus
846 2035 885 2080 *‚
910 2035 1060 2085 suscepi

0 2109 7 2112 “
34 2094 158 2132 facere
188 2108 344 2145 precem
369 2109 377 2131 :
402 2095 470 2132 sed
505 2094 598 2145 quid
631 2094 877 2144 potissimum
909 2094 1061 2145 precari

34 2153 217 2202 debeam,
239 2168 340 2206 pene
371 2154 522 2192 dubito.
559 2158 656 2193 Nam
689 2156 786 2192 sicut
817 2164 965 2192 tentare
995 2155 1061 2193 ali—

33 2216 125 2266 quid
156 2217 217 2254 vel
246 2230 362 2267 prece
394 2217 456 2253 vel
494 2217 622 2267 pretio
659 2217 845 2254 adversus
873 2217 1059 2267 justitiam

33 2276 209 2328 iniquum
231 2286 289 2315 est
308 2293 317 2324 ;
353 2278 406 2315 sic
427 2292 500 2327 pro
515 2278 667 2328 justitia
689 2278 858 2315 multum
884 2277 1061 2315 laborare

33 2337 136 2388 apud
167 2338 327 2388 justitiae
365 2347 577 2376 amatorem
617 2340 875 2390 superfluum.
914 2344 1060 2377 Verum

33 2398 102 2435 etsi
123 2412 193 2436 nos
212 2399 306 2450 quid
324 2413 480 2437 oremus
493 2429 502 2446 ,
525 2400 624 2437 sicut
644 2408 823 2450 oportet,
845 2400 1057 2448 nescimus,

34 2459 262 2497 confidimus
283 2469 411 2497 tamen
433 2460 540 2511 quod
556 2469 687 2498 vestra
705 2460 940 2511 benignitas,
961 2475 1059 2511 pree-

33 2520 163 2557 sertim
182 2521 222 2558 in
237 2535 351 2559 causa
366 2522 651 2572 Religiosorum
664 2520 701 2569 b,
726 2522 850 2560 otiosa
872 2536 953 2560 esse
977 2536 1057 2559 non

33 2583 187 2632 poterit.
205 2586 254 2621 Et
275 2584 432 2634 quidem
457 2584 674 2623 Sanctitatis
691 2593 829 2622 vestrae
849 2584 1057 2635 prudentia

2093 214 2165 252 158

1821 364 1847 373 zx
1855 364 2079 377 usuvsxsxxxxxxxm
2086 370 2094 378 ι
2101 371 2137 379 nm
2144 371 2168 380 ιι

1357 466 1736 526 EPISTOLA
1781 464 1940 532 XV.¹'

1302 619 1349 641 An
1383 620 1625 645 HAIMERICL’M
1664 623 1947 651 CANCELLARICM
1969 616 1998 652 *.

1554 722 1638 748 Unde
1658 731 1754 756 supra.

1136 813 1228 851 Viro
1249 814 1389 852 illustri
1421 816 1580 854 domino
1608 823 1835 859 Humzmco
1856 826 2078 874 apostolicae
2095 831 2165 866 Se-

1191 875 1248 913 dis
1279 878 1532 926 cancellario,
1567 880 1793 920 BERNARDCS
1829 883 1876 922 de
1907 887 2165 933 Clara-Valle,

1190 951 1276 988 quae
1303 948 1408 976 retro
1431 948 1520 977 sunt
1540 939 1738 990 oblivisci,
1761 953 1799 981 et
1823 945 1872 982 ad
1892 960 1937 985 ea
1960 962 2048 999 quae
2076 960 2166 989 ante

1191 1009 1304 1046 sunt,
1339 1002 1574 1052 Apostolum
1606 1004 1727 1054 sequi.

1191 1125 1278 1159 Non
1305 1123 1398 1160 latet
1417 1123 1562 1162 amicos
1584 1134 1738 1163 nostros
1767 1128 1872 1177 quod
1896 1143 1956 1166 me
1985 1131 2162 1171 familiari

1135 1183 1276 1222 affectu
1308 1185 1485 1235 diligitis,
1513 1195 1552 1223 et
1582 1196 1696 1225 tantae
1733 1189 1826 1226 mihi
1862 1191 2053 1230 felicitatis
2086 1195 2163 1232 fru-

1137 1254 1241 1283 ctum
1258 1246 1454 1294 invident,
1476 1248 1506 1284 si
1527 1249 1632 1286 solus
1656 1249 1799 1287 habere
1825 1252 1999 1291 voluero.
2023 1258 2163 1293 Mona-

1137 1307 1197 1343 chi
1232 1307 1487 1345 Divionenses
1524 1309 1574 1346 ob
1611 1311 1808 1361 antiquam
1847 1313 1949 1350 illius
1985 1317 2164 1354 Ecclesiae

1136 1367 1362 1418 religionem
1397 1369 1491 1406 mihi
1527 1370 1740 1409 charissimi
1776 1382 1876 1410 sunt.
1909 1376 2101 1424 Sentiant,
2133 1379 2163 1415 si

1137 1429 1283 1479 placet,
1307 1429 1413 1480 quod
1434 1444 1513 1468 non
1535 1431 1583 1468 sit
1601 1446 1710 1469 amor
1734 1433 1903 1482 otiosus,
1933 1436 2012 1473 sive
2039 1447 2166 1476 vester

1137 1489 1185 1526 ad
1225 1503 1315 1536 nos,
1350 1491 1429 1528 sive
1459 1501 1591 1530 noster
1616 1493 1664 1530 ad
1695 1494 1799 1542 illos,
1833 1496 1940 1534 salva
1965 1506 2091 1536 tamen
2124 1500 2164 1537 in

1138 1550 1320 1588 omnibus
1342 1550 1514 1601 justitia,
1537 1563 1673 1592 contra
1693 1569 1808 1606 quam
1828 1570 1876 1594 ne
1894 1559 2060 1597 amicum
2076 1561 2164 1611 qui-

1139 1612 1226 1649 dem
1251 1613 1442 1664 respicere
1462 1615 1516 1652 fas
1536 1624 1604 1653 est.

1134 1738 1541 1750 m====v==xxzxmwsxwwsnmusn
1547 1741 1659 1751 υιιιιιιι
1667 1742 1939 1755 Ὰῃικιιιιιιικιιιικ
1946 1747 2072 1757 ιιικιιινι
2078 1748 2131 1758 mxu
2137 1750 2161 1759 ιη

1341 1858 1730 1916 EPISTOLA
1773 1861 1957 1920 XVI.c

1234 2009 1280 2031 AD
1307 2009 1458 2032 PETRUM
1489 2009 1761 2033 PRESBYTERL‘M
1789 2011 2043 2037 CARDINALEM.

1551 2117 1634 2142 Unde
1647 2125 1745 2151 supra.

1129 2221 1360 2261 Charissimo
1382 2221 1542 2259 domino
1564 2235 1634 2259 suo
1657 2226 1790 2260 PETno
1817 2222 2048 2274 presbytero
2068 2238 2155 2262 car-

1183 2283 1301 2320 dinali
1318 2311 1327 2327 ,
1352 2283 1469 2320 frater
1489 2287 1715 2321 BER-nanus
1736 2283 1853 2321 abbas
1874 2285 2152 2333 Clarae—Vallis,

1185 2344 1372 2390 salutem,
1398 2352 1435 2381 et
1459 2358 1537 2380 non
1560 2344 1598 2381 in
1620 2345 1693 2382 via.

1180 2470 1261 2517 Ego
1285 2480 1441 2503 causam
1469 2480 1549 2503 non
1570 2466 1716 2514 habe03
1740 2481 1891 2505 causam
1924 2477 2053 2505 tamen
2083 2468 2153 2505 Di-

1124 2528 1370 2566 vionensium
1394 2527 1714 2574 ‘monachoruuh
1755 2529 1845 2578 quia
1879 2529 1951 2565 viri
1983 2529 2155 2579 religiosi

1126 2598 1233 2637 sunt,
1258 2603 1382 2626 meam
1405 2589 1516 2625 facio.
1539 2593 1655 2626 Manu
1678 2597 1805 2627 tenete
1826 2604 1909 2627 eam
1930 2598 1972 2626 ut
2000 2604 2150 2638 mea1n;

34 2643 273 2695 sollicitaque
301 2644 488 2683 discussio
523 2645 616 2696 quid
642 2646 849 2683 inventura
882 2647 930 2684 Sit
943 2675 953 2693 ‚
986 2659 1057 2697 ego
1075 2657 1109 2692 D
1126 2651 1178 2689 sic
1197 2659 1325 2688 tamen
1344 2664 1466 2687 meam
1483 2681 1492 2698 ‚
1514 2658 1557 2687 ut
1577 2659 1614 2687 et
1627 2649 1787 2700 justitiae
1803 2652 1862 2689 sit.
1883 2651 1997 2700 Quod
2019 2652 2152 2702 utique

34 2705 161 2743 nescio
183 2720 191 2743 ε
214 2706 281 2743 sed
298 2706 372 2744 hoc
390 2705 476 2744 dico
498 2706 606 2757 quod
625 2707 754 2744 audivi
775 2716 813 2744 et
835 2708 1058 2758 frequenter

34 2766 168 2816 audio,
189 2768 279 2819 quia
298 2768 478 2806 videlicet
493 2769 611 2819 longo
630 2777 668 2806 et
688 2769 922 2807 inconcusso
942 2778 1057 2807 teno—

36 2838 78 2864 re
97 2827 220 2866 fertur
234 2829 482 2867 Divionensis
498 2830 667 2867 Ecclesia
680 2830 896 2881 possedisse
915 2844 958 2867 ea
974 2860 983 2877 ,
1009 2830 1056 2868 de

35 2887 173 2938 quibus
190 2889 375 2928 adversus
407 2904 490 2928 eam
518 2900 726 2928 causantur
760 2891 1054 2939 Luxoviense53

34 2948 88 2986 ita
110 2958 154 2987 ut
182 2950 223 2988 hi
251 2951 319 3002 qui
348 2951 533 2989 videntur
556 2952 793 3002 antiquiores
819 2952 866 2989 de
894 2952 1050 3001 vicinis,

35 3009 222 3049 mirentur
242 3021 280 3050 et
304 3012 579 3064 indignentur,
613 3028 755 3052 novam
787 3013 1056 3052 abominantes

39 3070 265 3111 calumniam
281 3081 308 3111 ⁰.

1124 2722 1163 2751 et
1183 2726 1254 2751 nos
1272 2712 1521 2759 confidimus,
1544 2720 1583 2748 et
1614 2720 1692 2749 tota
1721 2712 1799 2750 fere
1821 2713 1947 2764 patria
1977 2720 2150 2750 testatur.

82 3179 98 3196 ‘¹
113 3175 234 3219 Scripta
249 3177 333 3210 circa
351 3189 470 3211 annum
493 3181 506 3211 1
519 3182 598 3212 126.
628 3198 676 3202 —-
691 3172 708 3196 ¹³
725 3179 849 3223 Scripta
865 3180 978 3212 eodem
991 3190 1087 3212 anno.
1102 3198 1150 3203 —
1163 3183 1177 3200 ⁶
1188 3176 1314 3220 Scripta
1335 3175 1448 3209 eodem
1471 3186 1567 3207 anno.

82 3221 99 3244 Β
123 3232 192 3261 Hoc
211 3232 340 3263 nomine
363 3243 430 3264 non
454 3244 527 3265 raro
552 3234 732 3266 Bernardus
753 3235 870 3277 aliique
894 3241 1025 3267 utuntur
1049 3234 1090 3266 ad
1111 3231 1284 3265 monachos
1305 3229 1530 3273 designandos,
1559 3235 1591 3260 ut
1614 3229 1646 3260 iu
1670 3228 1810 3272 epistolis
1832 3230 1874 3260 45
1900 3234 1930 3260 et
1955 3231 2040 3266 202,
2062 3234 2091 3259 et
2112 3227 2145 3259 in

37 3292 181 3316 sermone
200 3289 241 3317 26
260 3286 300 3318 de
314 3284 474 3327 Diversis,
490 3299 522 3320 n.
540 3292 578 3328 23
602 3289 658 3321 sed
671 3296 702 3321 et
715 3289 808 3331 longe
825 3296 898 3321 ante
912 3301 984 3321 eum
999 3288 1171 3330 Gregorius
1190 3290 1327 3329 Magnus
1347 3285 1380 3317 in
1397 3285 1480 3316 libro
1504 3287 1536 3323 1,
1561 3284 1694 3326 epistola
1716 3288 1770 3316 59.

82 3342 96 3358 c
120 3338 171 3370 Lis
188 3338 247 3371 ista
267 3340 449 3373 vertebatur
467 3342 506 3374 de
524 3342 646 3374 duabus
664 3343 750 3375 cellis
763 3368 771 3382 ‚
792 3343 1012 3376 Clari-Montis
1030 3349 1059 3374 et
1079 3339 1349 3384 vangionis-Rivi
1362 3364 1369 3378 ‚
1390 3349 1474 3370 anno
1496 3338 1625 3370 tandem
1648 3341 1657 3368 1
1674 3341 1735 3369 129
1754 3337 1858 3369 decisa
1872 3347 1928 3379 per
1947 3334 2140 3378 Stephanum

38 3389 307 3437 archiepiscopum
322 3395 539 3429 Viennensem
552 3403 582 3430 et
600 3397 690 3436 alios,
707 3397 792 3441 apud
807 3397 981 3431 Perardum
998 3397 1030 3430 in
1047 3395 1255 3440 Burgundicis
1274 3394 1494 3428 Monumentis
1507 3418 1514 3432 ,
1539 3404 1631 3436 pagg.
1649 3396 1714 3426 224
1731 3399 1761 3425 et
1777 3395 1855 3424 228.
