2533 3920
1156 191 1192 225 S.
1222 188 1476 225 BERNARDI
1505 190 1705 224 ABBATIS

1394 263 1444 282 ‘³⁷⁰
1454 265 1491 303 Si
1508 278 1584 302 non
1600 294 1609 309 ,
1632 265 1844 301 timendum
1863 273 1920 301 est
1940 265 2030 312 tibi,
2048 279 2097 302 ne
2116 266 2190 304 hoc
2208 268 2333 318 ipsum
2353 272 2456 321 quod

2376 193 2448 231 564

373 351 1383 363 ...mm,,mum...mumummu„,...„..„„..m„.mun..
1403 329 1430 363 A
1454 325 1593 362 videris
1624 325 1764 362 habere
1792 325 1951 363 honoris
1972 334 2009 363 et
2029 328 2245 377 potestatis,
2267 330 2457 370 auferatur

434 475 816 533 EPISTOLA
876 472 1323 533 CCLXXVIII.a

452 633 497 654 AD
528 632 692 656 EUMDEM
710 647 719 663 ,
737 632 807 654 PRO
828 631 1005 655 EPISCOPO
1026 632 1256 655 BELVACENSI
1272 618 1300 655 *-

439 746 644 782 Petitiones
678 745 746 781 filii
781 747 899 783 vestri
934 746 1106 797 episcopi
1143 747 1383 784 Belvacensis

376 819 492 855 quam
526 806 650 855 dignae
680 806 755 842 sint
778 807 980 854 exauditu,
1014 821 1091 844 non
1115 817 1170 845 est
1190 809 1294 858 quod
1315 822 1383 845 vos

376 865 579 902 doceamus
601 881 609 902 ε
632 866 723 915 ipsae
743 867 833 903 satis
849 881 919 917 per
939 881 977 905 se
992 870 1160 919 paternis
1174 869 1386 907 visceribus

373 925 508 961 vestris
527 925 631 974 quod
657 925 816 975 dignum
840 936 878 964 et
893 927 1040 977 justum
1059 938 1136 975 est,
1160 931 1268 967 facile
1294 945 1386 982 per-

375 984 602 1022 suadebunt.
623 986 782 1035 Agimus
812 996 951 1025 tamen.
970 990 1175 1027 Fovendus
1193 999 1250 1027 est
1271 991 1386 1028 devo-

375 1053 436 1080 tus
463 1043 619 1093 juvenis
651 1046 783 1083 favore
812 1057 974 1098 paterno
997 1065 1004 1086 :
1028 1058 1066 1086 et
1099 1051 1202 1087 zelus
1232 1050 1384 1099 bonus,
1404 1052 1431 1086 B

375 1118 489 1154 quem
508 1119 579 1156 pro
599 1120 667 1143 sua
687 1108 853 1145 Ecclesia
868 1110 987 1159 gerit,
1010 1124 1089 1147 non
1108 1111 1224 1148 modo
1248 1126 1387 1163 appro-

373 1164 542 1213 bandus,
560 1167 626 1204 sed
643 1167 897 1217 etjuvandus.
916 1171 975 1208 Sic
996 1184 1034 1208 se
1052 1172 1136 1222 ipso
1154 1173 1192 1209 in
1215 1172 1294 1210 dies
1315 1174 1386 1210 de—

373 1227 520 1272 votior,
542 1229 769 1276 ferventior,
792 1231 929 1268 fortior
949 1233 1032 1279 fiet,
1054 1247 1140 1270 cum
1160 1235 1386 1272 vexationes

372 1295 412 1323 et
433 1287 721 1335 tribulationes,
748 1304 832 1340 quae
857 1305 1053 1342 nunquam
1082 1293 1221 1331 desunt
1236 1295 1292 1331 illi
1311 1299 1384 1332 Ec-

374 1348 496 1385 clesiae
511 1348 529 1365 *
549 1363 568 1386 a
596 1351 703 1387 malis
728 1350 968 1398 hominibus,
998 1367 1114 1391 manu
1134 1354 1386 1392 indeficientis

374 1409 504 1446 auxilii
524 1412 638 1447 vestri
655 1411 727 1449 sibi
746 1414 908 1450 senserit
924 1428 944 1451 e
962 1415 1116 1465 regione
1132 1417 1261 1454 levari.
1284 1418 1387 1454 Peti-

375 1471 519 1507 tionem
542 1472 667 1509 fratris
689 1475 840 1511 Arnulfi
866 1474 912 1512 de
930 1477 1068 1513 Maiole
1086 1478 1250 1527 petimus
1267 1492 1386 1515 exau-

376 1530 460 1567 diri.
481 1532 658 1581 Magister
675 1537 721 1572 G.
741 1534 835 1584 (hoc
851 1548 992 1573 nomen
1012 1537 1172 1589 nuntio)
1191 1537 1290 1575 dicet
1304 1551 1387 1574 eam

374 1591 497 1628 vobis.
514 1592 586 1630 Sed
602 1601 639 1629 et
658 1594 762 1643 quod
780 1596 875 1645 petit
892 1596 1083 1634 abbatissa
1095 1599 1142 1635 de
1158 1598 1385 1644 Paraclit0*‚

376 1664 448 1702 per
469 1652 592 1703 ipsum
607 1682 616 1699 ,
643 1654 672 1690 si
694 1654 926 1705 dignamini,
956 1658 1052 1695 scire
1072 1659 1252 1709 potestis;
1275 1668 1312 1696 et
1331 1660 1388 1696 fa-

377 1725 465 1749 cere
478 1741 487 1758 ‚
510 1714 541 1749 si
561 1713 718 1763 dignum
733 1715 928 1765 judicatis.

376 1851 1388 1871 ...................................................................
1410 1842 1437 1878 C
1459 1848 1545 1877 Stl'ae
1566 1840 1731 1890 denique
1752 1840 1951 1890 displiceat
1976 1839 2179 1877 voluntati.
2200 1842 2285 1876 HOC
2306 1852 2378 1889 ΡΥΟ
2395 1844 2462 1886 6οῤ

464 1981 838 2040 EPISTOLA
898 1980 1300 2068 CCLXXIXJ

618 2140 664 2161 AD
698 2141 898 2166 HEXRICL'M
929 2145 1102 2169 COMITEM
1119 2140 1143 2169 C.

381 2256 535 2288 Comitem
551 2258 592 2289 01)
609 2259 754 2301 injuriam
765 2287 772 2299 ,
790 2273 808 2293 3
828 2263 959 2296 subditis
976 2266 1042 2307 ejus
1056 2266 1172 2298 illatam
1186 2292 1193 2305 ,
1214 2267 1252 2299 de
1269 2268 1391 2299 restitu-

618 2314 701 2346 tione
732 2316 764 2347 in
788 2317 941 2359 integrum
972 2320 1149 2362 compellat.

434 2432 562 2471 Abbas
593 2435 640 2473 de
667 2439 940 2488 Castellione*‚
962 2443 1021 2480 vir
1053 2444 1276 2494 religiosus,
1307 2449 1390 2482 Ro—

381 2505 479 2530 mam
502 2498 766 2546 proficiscens,
786 2501 823 2537 in
845 2502 915 2538 Dei
933 2511 971 2539 et
988 2504 1110 2540 nostri
1130 2504 1303 2541 custodia
1322 2518 1390 2542 sua

380 2556 509 2592 onmia
534 2557 737 2610 dereliquit
759 2577 766 2598 :
789 2571 826 2598 et
855 2577 941 2600 ecce
970 2564 1236 2603 ministeriales
1264 2566 1390 2603 Simo-

381 2615 460 2661 nis,
491 2616 664 2656 homines
694 2621 740 2658 de
771 2623 916 2659 Belfort
933 2652 942 2669 ‚
977 2623 1218 2662 abstulerunt
1249 2639 1387 2675 porcos
1409 2634 1440 2669 D
1457 2631 1608 2676 elesius,
1631 2630 1784 2680 disponi
1804 2631 2070 2682 episcopatus,
2093 2633 2214 2670 creari
2233 2628 2465 2683 episcop051
2521 2626 2533 2630 Ν

380 2689 528 2714 eorum.
550 2680 766 2718 Maluissem
783 2712 792 2728 ,
814 2683 900 2719 dico
920 2683 1050 2730 vobis,
1075 2694 1117 2722 ut
1133 2695 1284 2723 nostros
1301 2701 1389 2737 pro-

380 2736 485 2784 prios
506 2739 732 2788 rapuissent.
762 2747 795 2779 A
818 2742 926 2780 vobis
948 2745 1177 2794 requirimus
1206 2747 1302 2784 illos.
1330 2747 1389 2783 Ad

380 2795 452 2833 hoc
476 2806 509 2834 te
530 2801 729 2838 constituit
746 2803 959 2853 principem
981 2817 1096 2854 super
1116 2815 1252 2843 terram
1276 2807 1388 2844 Prin-

379 2869 468 2906 ceps
489 2872 617 2908 regum
642 2870 774 2908 terrae,
794 2872 836 2899 ut
863 2863 933 2901 sub
962 2878 1007 2901 co
1037 2875 1075 2902 et
1103 2879 1174 2915 pro
1193 2880 1238 2903 eo
1265 2867 1388 2905 bonos

381 2917 528 2964 sos-eas,
551 2922 669 2957 malos
689 2936 863 2960 coerceas
878 2953 887 2970 ‚
909 2939 1099 2975 pauperes
1115 2927 1314 2975 defendas,
1336 2930 1389 2965 fa-

380 2977 456 3015 cias
473 2979 659 3028 judicium
688 2982 866 3032 injuriam
894 2986 1139 3036 patientibus.
1170 2988 1207 3026 Si
1229 2989 1308 3026 liaec
1330 2989 1387 3027 fa·

379 3038 451 3085 cis,
481 3053 579 3090 opus
608 3043 791 3094 principis
825 3046 914 3083 facis
939 3062 946 3083 :
972 3056 1009 3084 et
1033 3061 1118 3098 spes
1139 3057 1195 3085 est
1215 3058 1256 3086 ut
1282 3059 1388 3088 tuum

378 3101 479 3136 Deus
501 3099 660 3139 dilatare
681 3112 718 3140 et
738 3103 922 3143 roborare
951 3106 1086 3145 debeat
1115 3109 1387 3160 principatum.

427 3240 439 3254 ²
454 3237 574 3280 Scripta
588 3250 671 3271 311110
688 3241 801 3273 Christi
827 3247 836 3273 l
852 3247 925 3274 1230.
946 3264 987 3267 —-
1008 3237 1023 3259 ¹¹
1043 3244 1165 3287 Scripta
1181 3257 1266 3277 anno
1284 3247 1398 3281 Christi
1422 3253 1520 3281 1152.

425 3299 438 3312 ··
456 3295 484 3322 Is
505 3292 585 3324 {ilius
603 3293 778 3327 Theobaldi
792 3298 900 3338 Magni
917 3300 1096 3340 Campania:
1110 3300 1231 3331 comitis
1244 3325 1252 3337 ‚
1271 3303 1358 3344 cujus
1372 3303 1402 3334 in
1417 3303 1582 3345 dignitates
1602 3302 1747 3335 successit
1762 3312 1844 3333 anno
1869 3305 1879 3333 1
1895 3305 1970 3333 151.

1297 3380 1304 3392 ,
1330 3360 1408 3387 5232.

427 3345 440 3364 '¹
460 3346 580 3389 Scripta
593 3347 674 3379 circa
691 3359 806 3381 anuum
833 3356 841 3382 1
859 3355 931 3382 132.
955 3352 1033 3383 vide
1053 3353 1197 3395 epistolas
1217 3357 1278 3386 ¹27.)

1450 386 1579 437 (quod
1602 386 1722 436 absit)
1744 400 1765 423 a
1786 394 1834 423 tc.

1812 520 1996 530 sxxuxsx-xxmn
2002 521 2200 531 ιιι-ιοηιιιυικι
2206 523 2230 531 ιι
2236 523 2275 532 ιιι
2281 523 2319 532 ιιι

1569 646 1946 702 EPISTOLA
1991 636 2359 704 CCLXXX.‘²
2388 550 2487 748 ’ξ

1449 811 1495 833 ΑΙ)
1529 811 1711 834 DOMINUM
1744 812 1861 834 PAPAM
1888 813 2084 835 EL'GENIUM
2100 828 2110 844 9
2131 811 2203 835 PRO
2222 795 2460 841 AUTlsslonoss

1801 873 1910 897 RENSI
1938 874 2118 897 NEGOTIO.

1452 997 1602 1039 Queritur
1621 997 1806 1028 senteutiam
1823 999 2025 1040 apostolicam
2050 999 2084 1029 in
2110 1010 2203 1031 causa
2227 999 2387 1032 electionis
2401 1003 2463 1034 An-

1499 1052 1746 1090 tissiodorensis‚
1765 1063 1784 1083 a
1807 1063 1841 1084 se
1854 1053 1945 1095 jussu
1961 1053 2120 1085 Pontificis
2138 1053 2352 1085 denuntiatam
2365 1078 2373 1093 ,
2388 1065 2460 1087 oon-

1500 1112 1609 1138 temni.

1512 1231 1543 1267 1.
1563 1233 1664 1267 Bene
1683 1231 1803 1268 facitis
1817 1260 1826 1276 ‚
1846 1232 2037 1282 frequenti
2051 1241 2089 1270 et
2102 1232 2270 1283 benigno
2286 1232 2465 1276 exauditu

1454 1299 1606 1341 tempus
1633 1290 1770 1338 breve,
1799 1306 1876 1342 quo
1903 1292 1965 1329 hic
1995 1306 2103 1340 sum,
2134 1293 2296 1341 solando
2318 1293 2465 1331 taedene

1455 1360 1550 1397 tem,
1574 1353 1857 1402 pusillanimem
1885 1353 2081 1403 erigendo,
2113 1354 2270 1400 Facitis,
2297 1353 2368 1390 etsi
2385 1367 2411 1390 n

1454 1412 1559 1462 quod
1581 1426 1732 1449 mereor
1750 1413 1855 1464 ipse,
1887 1421 1990 1450 certe
2019 1413 2125 1464 quod
2145 1427 2216 1451 vos
2238 1414 2358 1452 decet.
2379 1417 2455 1462 Nox

2492 0 2496 152 1

2491 161 2533 237 ι

2491 308 2495 382 e

1454 1473 1561 1523 quod
1590 1473 1638 1510 ad
1663 1487 1775 1510 usum
1803 1474 1971 1524 propriae
1991 1475 2201 1512 voluntatis
2229 1483 2335 1512 tanta
2360 1473 2475 1529 abun}
2529 1490 2533 1513 :

1454 1533 1690 1584 benignitate
1711 1534 1901 1582 delecter;
1920 1543 2090 1585 paratus,
2109 1544 2202 1572 teste
2217 1535 2462 1584 conscientia,

1455 1603 1530 1632 tam
1562 1609 1674 1645 aequo
1694 1596 1868 1646 accipere
1891 1596 2020 1633 animo
2040 1596 2146 1646 quod
2169 1609 2332 1646 negare,
2353 1609 2465 1646 quam

1455 1656 1561 1706 quod
1593 1665 1774 1706 praestare
1803 1657 2004 1707 placuerit.
2041 1657 2138 1696 Volo
2165 1657 2259 1693 mihi
2281 1657 2360 1707 geri
2387 1669 2466 1703 moy

1455 1731 1534 1755 rem
1550 1747 1560 1764 ,
1582 1719 1682 1755 sicut
1697 1727 1735 1756 et
1751 1718 1876 1755 omnis
1895 1718 2034 1764 homo;
2054 1718 2121 1755 sed
2136 1731 2213 1755 non
2231 1717 2337 1768 quod
2347 1717 2465 1768 justi-

1457 1778 1517 1814 tiae
1538 1778 1687 1826 obviet,
1711 1778 1817 1829 quod
1834 1779 1984 1816 veritati
2004 1777 2252 1829 praejudicet,
2275 1777 2381 1828 quod
2397 1790 2465 1814 ve-

1458 1913 1504 1937 ne
1531 1913 1591 1937 me
1617 1901 1863 1951 suspicemini
1892 1909 1957 1938 aut
1988 1913 2068 1937 non
2093 1899 2293 1937 advertere
2324 1898 2467 1943 benefi—

1457 1961 1577 2007 cium,
1599 1969 1665 1997 aut
1680 1961 1871 2010 ingratum
1893 1973 1986 1998 esse.
2008 1964 2119 1997 Nunc
2135 1959 2241 2010 quod
2258 1973 2318 1997 res
2332 1967 2465 2010 postu.ss

1457 2021 1530 2067 lat,
1555 2021 1684 2058 audiat
1715 2022 1902 2059 Sanctitas
1930 2029 2070 2058 vestra.
2093 2023 2188 2059 Cum
2214 2020 2255 2058 in
2283 2033 2344 2057 me
2370 2020 2465 2072 itui-5,

1455 2082 1550 2119 levis
1565 2081 1717 2131 jactura
1739 2090 1795 2118 est
1810 2111 1819 2128 ‚
1846 2091 1884 2119 et
1903 2095 1988 2132 quae
2007 2082 2126 2119 levari
2145 2081 2246 2118 facili
2273 2090 2389 2132 queat
2407 2094 2466 2130 ref

1456 2143 1610 2180 sarcitu.
1644 2145 1724 2193 Ego
1752 2142 1873 2192 plagis
1909 2142 2152 2180 conscientiae
2190 2156 2285 2179 meae
2318 2143 2464 2193 nullutn

1452 2203 1585 2253 judico
1619 2203 1946 2240 accommodatius
1971 2203 2292 2256 medicamentum
2312 2202 2465 2254 probri?

1457 2273 1495 2301 et
1523 2265 1777 2302 contumeliis.
1808 2268 1894 2302 Non
1915 2274 1972 2302 est
1991 2265 2156 2315 proinde
2176 2265 2282 2315 quod
2303 2278 2374 2316 pro
2405 2266 2469 2315 ως·

1457 2339 1638 2372 movear,
1671 2326 1878 2363 homuncio
1901 2329 2008 2364 omni
2035 2326 2249 2378 opprobrio
2272 2326 2411 2377 dignus

1459 2388 1716 2438 despectione.
1748 2392 1798 2424 At
1826 2388 1859 2425 si
1889 2401 2012 2438 usque
2041 2389 2079 2425 in
2105 2388 2289 2425 christum
2311 2329 2468 2435 Domi}

1460 2449 1677 2498 malignatio
1700 2449 1797 2486 forte
1823 2449 2067 2500 pervenerit,
2088 2457 2220 2495 nutat,
2243 2449 2378 2496 fateor,
2399 2451 2469 2500 pa}

1456 2509 1607 2554 tientia‚
1627 2517 1665 2545 et
1685 2509 1810 2546 omnis
1830 2522 1929 2559 pene
1949 2509 2049 2547 cedit
2068 2509 2336 2547 mansuetudo.
2352 2512 2464 2554 Numi
2517 2559 2521 2564 ι

1457 2568 1549 2618 quid
1569 2569 1684 2618 petivi
1703 2583 1725 2606 a
1745 2569 1904 2607 domino
1928 2584 2014 2607 meo
2035 2570 2208 2608 ordinari
2221 2584 2292 2621 per
2310 2584 2371 2608 me
2392 2573 2465 2613 Eo}

1455 2697 1600 2741 Aptum
1628 2690 1806 2728 videlicet
1831 2691 2153 2738 instrumentum,
2174 2693 2334 2730 formica
2352 2692 2462 2743 plan-‚-

1456 2761 1576 2789 strum
1605 2751 1768 2788 trahens.
1790 2752 1973 2790 Voluistis
1999 2752 2195 2790 hominem
2221 2752 2463 2803 promoveri&
2518 2746 2519 2750 ¹

1456 2809 1569 2859 (ligne
1599 2823 1688 2847 sane
1704 2840 1714 2857 ‚
1736 2810 1776 2846 ni
1803 2810 1916 2848 fallor
1937 2826 1945 2848 :
1966 2812 2008 2848 in
2038 2825 2151 2863 quem
2173 2812 2352 2850 nimirum
2375 2811 2464 2863 quH

1456 2870 1604 2917 dicant,
1629 2885 1707 2908 non
1739 2871 1960 2918 inveniunt,
1982 2884 2030 2909 ne
2050 2872 2089 2909 hi
2108 2871 2263 2923 quidem
2287 2873 2353 2923 qui
2372 2884 2465 2911 con-

1457 2940 1513 2968 tra
1529 2933 1678 2969 volunt.

1510 2993 1544 3030 2.
1563 2993 1737 3030 Innotuit
1756 2992 1896 3042 quibus
1916 2993 2090 3045 oportuit
2109 2994 2332 3044 mysterium
2353 2993 2463 3037 bongae
2515 2981 2533 3030 ἱ.

1456 3053 1677 3090 voluntatis.
1710 3057 1757 3090 Et
1783 3055 2006 3105 mysterium
2041 3054 2197 3104 quidem
2228 3053 2463 3105 publicatum
2513 3080 2532 3102 *-

1457 3123 1534 3159 est,
1556 3113 1682 3150 fruc-tu
1710 3126 1803 3150 vero
1831 3126 1953 3163 usque
1976 3113 2101 3151 adhuc
2127 3123 2165 3152 ct
2185 3115 2347 3152 utilitate
2363 3115 2464 3153 frau-
2519 3140 2533 3158 ,,
