2517 3936
14 3056 40 3196 ε,

17 3250 22 3326 l

0 3486 6 3513 l

0 3523 2 3530 .

0 3542 2 3550 .

3 3911 15 3936 'v

19 3373 25 3528 l

20 3529 27 3683 ἓ

25 3737 29 3805 l

26 3813 32 3936 Ι

97 223 192 260 1317

88 376 105 392 »
125 372 256 410 amore
277 361 383 398 omni
411 361 631 401 obedientia
657 378 696 402 se
724 366 863 405 subdat
887 371 1062 420 majori¹.
1080 390 1095 406 »ι

88 419 126 457 Si
142 432 234 470 ergo
249 421 288 457 in
306 422 418 459 tertio
432 423 552 472 gradu
566 424 753 474 subjectio
771 429 995 477 collocatur,
1013 446 1098 482 quae

88 479 360 529 proculdubio
375 481 434 529 fit,
456 482 612 532 quando
634 485 803 523 novitius
820 488 987 537 primum
1009 504 1098 527 con-

88 540 223 577 ventui
243 542 429 590 sociatur3
447 556 687 594 consequens
703 554 777 593 est,
801 548 906 597 quod
923 550 1000 587 duo
1017 550 1097 600 jam

87 600 298 639 anteriores
316 604 525 641 transcensi
543 605 815 656 intelligantur.
837 610 1012 659 Denique
1030 610 1098 648 ubi

88 660 249 698 fratrum
289 663 534 701 concordiam
551 695 561 713 ,
594 674 632 703 et
661 666 832 716 magistri
867 670 1095 707 sententiam

89 721 302 760 monachus
332 724 502 774 spernit,
529 726 623 776 quid
643 727 743 764 ultra
763 727 803 764 in
832 731 1068 781 monasterio
1083 759 1093 777 ,

87 780 160 822 nisi
177 783 397 822 scandalum
417 785 529 822 facit?

438 912 617 952 CAPUT
646 913 739 953 XX.

86 1031 136 1061 De
148 1028 314 1062 1mdecimo
327 1028 425 1072 gradu
437 1029 594 1073 superbiae
606 1055 614 1070 ,
636 1031 690 1073 qui
706 1037 753 1064 est
764 1030 892 1065 libertas
908 1034 1059 1077 peccandi
1072 1038 1097 1068 ³.

140 1153 208 1190 50.
235 1155 328 1190 Post
358 1151 549 1190 decimum
578 1154 707 1204 itaque
736 1154 918 1205 gradum,
944 1157 1011 1207 qui
1039 1172 1100 1196 re-

86 1212 204 1250 bellio
225 1212 349 1250 dictus
373 1222 449 1261 est,
473 1209 655 1265 expulsus
673 1216 735 1253 vel
755 1229 929 1266 egressus
951 1218 998 1255 de
1021 1232 1100 1257 mo-

87 1273 255 1311 nasterio
274 1274 401 1311 statim
425 1275 614 1326 excipitur
633 1275 681 1313 ab
703 1276 920 1314 undecimo.
942 1281 991 1315 Et
1010 1288 1101 1317 tunc

86 1333 300 1384 ingreditur
314 1334 408 1382 vias,
427 1349 512 1386 quae
531 1335 714 1373 videntur
726 1336 949 1376 hominibus
968 1338 1095 1385 bonae,

87 1408 252 1445 quarum
274 1395 360 1432 finis
381 1395 395 1440 (
409 1396 482 1433 nisi
510 1396 609 1433 forte
632 1400 737 1434 Deus
759 1411 821 1434 eas
841 1398 898 1435 illi
917 1400 1098 1451 sepierit)

88 1455 285 1505 demerget
307 1468 397 1492 eum
415 1456 455 1492 in
480 1457 718 1506 profundum
740 1457 900 1505 inferni,
923 1459 963 1496 id
984 1469 1040 1497 est
1058 1461 1099 1498 in

88 1523 355 1566 contemptum
378 1517 462 1554 Dei.
485 1517 633 1568 Impius
660 1518 847 1568 siquidem
869 1533 956 1557 cum
979 1534 1099 1559 vene-

88 1575 139 1612 rit
165 1576 205 1612 in
231 1575 471 1626 profundum
501 1578 710 1626 malorum,
736 1581 951 1618 contemnit
968 1587 995 1618 ².
1026 1586 1101 1619 Po-

90 1643 162 1672 test
181 1643 307 1672 autem
327 1635 555 1674 undecimus
574 1638 713 1687 gradus
733 1639 918 1689 appellari
945 1640 1101 1683 libertas

87 1695 293 1745 peccandi,
321 1709 392 1747 per
417 1710 532 1747 quam
558 1699 788 1746 monachus,
811 1713 898 1737 cum
920 1699 1000 1750 jam
1030 1715 1101 1738 nec

88 1756 312 1806 magistrum
335 1757 440 1794 videt
456 1771 571 1808 quem
594 1759 745 1806 timeat,
764 1773 835 1797 nec
852 1761 987 1799 fratres
1003 1775 1100 1812 quos

88 1825 334 1864 revereatur3
351 1825 458 1855 tanto
486 1819 676 1865 securius,
694 1829 839 1869 quanto
860 1820 1017 1859 liberius
1034 1836 1101 1860 sua

89 1876 278 1914 desideria
299 1878 460 1928 implere
487 1878 720 1925 delectatur,
745 1894 766 1917 a
787 1880 926 1930 quibus
953 1882 991 1918 in
1017 1896 1104 1920 mo-

89 1937 255 1974 nasterio
284 1946 361 1975 tam
385 1937 559 1988 pudore,
580 1952 694 1989 quam
712 1940 849 1978 timore
866 1941 1103 1991 prohibeba-

90 2005 165 2034 tur.
186 1997 261 2036 Sed
279 1998 348 2035 etsi
365 1997 447 2047 jam
467 1999 529 2036 vel
556 2000 710 2048 fratres,
731 2001 791 2038 vel
821 2001 997 2040 abbatem
1024 2017 1104 2040 non

91 2057 216 2105 timet,
247 2058 423 2096 nondum
458 2067 584 2097 tamen
612 2061 685 2098 Dei
712 2062 866 2112 penitus
899 2063 1103 2102 formidine

90 2126 206 2156 caret.
233 2122 343 2156 Hanc
372 2120 490 2167 ratio,
511 2122 678 2159 tenuiter
704 2123 829 2160 adhue
850 2123 1102 2162 submurmu-

90 2192 198 2226 rans,
219 2179 411 2217 voluntati
439 2183 649 2232 proponit,
673 2197 744 2221 nec
771 2185 851 2223 sine
877 2186 1003 2236 aliqua
1028 2186 1103 2223 du-

89 2238 274 2277 bitatione
299 2254 463 2292 quaeque
485 2243 651 2292 primum
676 2244 806 2282 illicita
824 2246 991 2297 perficit3
1014 2246 1102 2293 sed,

89 2300 189 2337 sicut
224 2301 256 2338 is
288 2302 356 2352 qui
389 2302 531 2340 vadum
562 2312 703 2351 tentat,
739 2306 995 2356 pedetentim,
1023 2321 1104 2344 non

90 2361 231 2398 cursim
250 2362 435 2401 vitiorum
455 2364 644 2415 gurgitem
662 2365 792 2403 intrat.
810 2366 815 2368 ⁷

435 2491 614 2531 CAPUT
642 2492 757 2532 XXI.

157 2604 208 2634 De
220 2601 407 2635 duodecimo
419 2604 517 2647 gradu
530 2606 685 2648 superbiae
697 2632 705 2646 ,
725 2608 778 2650 qui
792 2614 839 2640 est
851 2609 1046 2642 consuetudo

502 2661 655 2702 peccandi
665 2662 692 2694 b.

143 2779 206 2816 51.
236 2782 288 2817 At
305 2788 512 2831 postquam
540 2781 701 2820 terribili
726 2784 795 2820 Dei
813 2783 959 2833 judicio
980 2786 1104 2836 prima

91 2837 233 2888 flagitia
264 2840 474 2890 impunitas
508 2842 704 2891 sequitur,
738 2853 897 2893 experta
925 2846 1104 2896 voluptas

35 2900 38 2901 ’
88 2896 254 2936 libenter
284 2901 495 2950 repetitur,
526 2902 690 2951 repetita
717 2901 926 2942 blanditur.
950 2909 1104 2943 Concu-

44 2963 47 2966 ’
91 2957 277 3008 pisce-ntia
302 2961 554 2999 reviviscente
580 2962 731 3012 sopitur
753 2964 873 3010 ratio,
896 2965 986 3015 ligat
1011 2980 1105 3003 con-

92 3019 269 3057 suetudo.
300 3021 480 3059 Trahitur
509 3023 624 3060 miser
653 3023 692 3059 in
717 3024 955 3073 profundum
980 3027 1103 3064 malo-

92 3091 197 3126 rum,
220 3079 383 3118 traditur
407 3082 582 3132 captivus
606 3083 802 3133 tyrannidi
823 3085 1028 3132 vitiorum,
1053 3086 1106 3122 ita

91 3145 137 3174 ut
151 3140 363 3178 carnalium
384 3143 567 3193 voragine
584 3143 865 3182 desideriorum
885 3144 1104 3196 absorptus,

676 232 962 270 TRACTATUS
991 237 1057 271 DE
1086 238 1336 277 GRADIBL'S
1366 244 1626 283 S[l’ERBI‚.E.

90 317 105 332 «
125 300 275 338 Tertius
287 329 297 348 ,
315 318 329 333 »
346 301 486 351 inquit,
504 319 518 335 «
534 303 672 352 gradus
687 315 764 353 est,
781 316 823 345 ut
836 310 921 359 quis
936 324 1008 361 pro
1024 312 1152 350 1)(ὶίὅ78

2063 258 2158 295 1318

1165 327 1242 354 suae
1274 318 1430 357 rationis
1464 321 1658 373 divinique
1690 325 1832 364 timoris
1859 330 2023 377 oblitus,
2058 334 2157 372 dicat

1117 380 1144 414 A
1163 375 1346 426 insipiens
1365 380 1403 415 in
1425 380 1539 417 corde
1559 395 1627 418 suo
1647 398 1655 419 :
1676 385 1758 420 Non
1776 396 1829 422 est
1845 392 1942 426 Deus
1956 390 1983 427 3.
2000 395 2082 430 Jam
2101 393 2156 430 in-

1165 436 1386 475 differenter
1407 439 1522 477 libitis
1546 455 1617 491 pro
1644 442 1753 480 licitis
1772 446 1909 493 utitur,
1925 449 2002 497 jam
2023 451 2069 487 ab
2087 453 2156 489 illi-

1164 497 1247 534 citis
1277 498 1508 548 cogitandis,
1535 502 1749 550 patrandis,
1778 504 2043 556 investigandis
2076 513 2157 547 ani—

1164 570 1266 604 mus,
1287 572 1440 605 manus,
1467 560 1526 597 vel
1549 561 1665 610 pedes
1687 575 1765 598 non
1783 564 2034 613 prohibentur
2058 583 2066 605 ε
2093 571 2157 607 sed

1163 617 1348 668 quidquid
1364 620 1402 657 in
1420 633 1499 667 cor,
1517 621 1555 657 in
1574 620 1746 668 buccam,
1764 623 1810 659 ad
1825 638 1977 662 manum
1993 629 2156 675 venerit3

1162 678 1414 726 machinatur,
1428 680 1562 730 garrit,
1582 689 1619 718 et
1636 691 1829 732 operatur,
1846 686 2072 733 malevolus,
2091 700 2159 724 va-

1163 738 1362 788 niloquus,
1383 740 1629 778 facinorosus.
1645 743 1974 790 Quemadmodum
1998 745 2160 796 (lenique

1164 799 1326 836 ascensis
1346 799 1405 836 his
1424 799 1601 838 omnibus
1629 802 1827 851 gradibus,
1850 804 1964 841 corde
1981 804 2059 854 jam
2085 807 2162 843 ala-

1164 858 1219 894 cri
1239 866 1277 895 et
1293 857 1435 909 absque
1452 858 1582 897 labore
1601 873 1673 911 pro
1695 861 1797 899 bona
1814 864 2088 902 consuetudine
2100 864 2161 914 ju-

1165 927 1243 956 stus
1270 920 1389 956 currit
1412 920 1458 957 ad
1486 921 1628 959 vitam:
1648 922 1700 959 sic
1723 922 1910 961 descensis
1931 925 2070 975 impius
2087 925 2162 962 eis-

1166 979 1252 1016 dem
1268 1010 1277 1027 ,
1299 994 1369 1031 pro
1390 981 1490 1018 malo
1514 995 1585 1019 usu
1603 995 1681 1019 non
1702 983 1847 1021 ratione
1863 996 1901 1021 se
1917 983 2133 1034 gubernans
2149 1014 2159 1031 ‚

1167 1053 1245 1077 non
1267 1041 1412 1078 timoris
1430 1042 1537 1079 freno
1558 1050 1768 1089 retentans,
1784 1043 1996 1094 intrepidus
2013 1045 2162 1082 festinat

1117 1103 1146 1138 B
1167 1100 1214 1137 ad
1244 1109 1418 1138 mortem.
1444 1101 1559 1139 Medii
1588 1111 1676 1140 sunt
1699 1103 1765 1153 qui
1792 1103 2017 1154 fatigantur,
2038 1117 2158 1154 angu-

1167 1160 1328 1198 stiantur
1349 1176 1356 1198 :
1382 1162 1448 1212 qui
1475 1175 1576 1199 nunc
1601 1171 1704 1200 metu
1723 1164 1940 1201 cruciantur
1960 1164 2158 1214 gehennae,

1167 1234 1268 1258 nunc
1298 1222 1458 1272 pristina
1484 1222 1664 1259 retardati
1687 1223 1982 1270 consuetudine,
2003 1223 2161 1261 descen-

1168 1281 1294 1319 dendo
1312 1282 1370 1318 vel
1390 1282 1628 1320 ascendendo
1648 1282 1834 1320 laborant.
1850 1287 2056 1334 Supremus
2073 1292 2159 1321 tan-

1169 1350 1249 1378 tum
1278 1350 1315 1379 et
1344 1342 1498 1379 infimus
1527 1351 1686 1379 currunt
1710 1343 1851 1392 absque
1879 1343 2164 1393 impedimento,

1166 1410 1204 1439 et
1224 1402 1366 1453 absque
1386 1402 1531 1439 labore.
1548 1403 1606 1440 Ad
1621 1411 1783 1440 mortem
1803 1402 1883 1450 hic,
1900 1403 1947 1440 ad
1967 1403 2081 1440 vitam
2102 1403 2165 1440 ille

1167 1463 1341 1511 festinat,
1363 1464 1457 1499 alter
1479 1463 1663 1509 alacrior,
1689 1464 1783 1500 alter
1807 1463 2024 1514 proclivior.
2054 1463 2166 1500 Illum

1168 1523 1330 1560 alacrem
1351 1523 1531 1568 charitas,
1553 1523 1654 1560 hunc
1673 1523 1882 1573 proclivem
1905 1522 2089 1573 cupiditas
2109 1523 2166 1559 sa—

1168 1584 1228 1620 cit.
1250 1587 1295 1621 In
1325 1584 1444 1621 altero
1473 1597 1601 1631 amor,
1624 1584 1663 1620 in
1692 1584 1810 1621 altero
1838 1592 1972 1634 stupor
1995 1582 2166 1619 laborem

1167 1657 1246 1681 non
1276 1644 1399 1681 sentit.
1432 1647 1476 1681 In
1502 1644 1568 1681 illo
1597 1644 1760 1694 denique
1790 1645 1958 1694 perfecta
1980 1643 2163 1688 charitas,

1167 1705 1207 1742 in
1228 1706 1300 1742 isto
1323 1713 1584 1742 consummata
1600 1705 1778 1755 iniquitas
1795 1705 1893 1741 foras
1916 1703 2031 1740 mittit
2050 1703 2165 1740 timo·

1168 1779 1261 1803 rem.
1282 1766 1341 1803 Illi
1367 1766 1525 1812 veritas,
1550 1765 1637 1802 huic
1665 1765 1808 1802 caecitas
1834 1764 1899 1801 dat
1920 1763 2168 1800 securitatem.

1169 1830 1298 1864 Potest
1322 1838 1413 1875 ergo
1439 1825 1686 1862 duodecimus
1707 1824 1846 1874 gradus
1871 1823 2052 1874 appellari
2075 1835 2170 1859 con-

1123 1885 1150 1922 C
1170 1887 1334 1924 suetudo
1365 1885 1568 1936 peccandi,
1603 1899 1677 1935 qua
1712 1885 1783 1922 Dei
1816 1892 1938 1921 metus
1968 1882 2170 1928 amittitur,

1171 1955 1416 1998 contemptus
1439 1946 1662 1983 incurritur.

1501 2068 1679 2107 CAPUT
1709 2067 1844 2106 XXII.

1218 2189 1271 2219 An
1284 2192 1314 2218 et
1328 2186 1486 2229 quomodo
1502 2183 1653 2217 orandum
1670 2194 1726 2225 pro
1749 2182 1917 2224 desperatis
1930 2206 1938 2220 ,
1955 2187 1984 2213 et
1997 2181 2125 2213 mortuis

1504 2238 1674 2272 secundum
1699 2237 1844 2268 animam.

1226 2364 1289 2402 52.
1320 2365 1394 2400 Pro
1419 2365 1487 2399 tali
1505 2360 1582 2411 jam
1596 2389 1606 2407 ,
1628 2359 1751 2409 inquit
1770 2361 1935 2395 Joannes
1956 2355 2167 2406 apostolus,

1172 2438 1247 2460 non
1277 2426 1358 2460 (lico
1385 2433 1423 2459 ut
1449 2427 1535 2471 quis
1564 2429 1641 2457 oret
1653 2420 1680 2455 ⁴'.
1711 2418 1782 2456 Sed
1804 2416 1989 2466 numquid
2009 2415 2122 2460 dicis,
2146 2428 2168 2451 o

1171 2485 1374 2535 Apostole,
1396 2491 1437 2520 ut
1463 2482 1546 2532 quis
1573 2479 1768 2529 desperet?
1787 2480 1868 2514 Imo
1896 2484 2020 2526 gemat
2038 2476 2100 2540 qui
2123 2475 2169 2511 il-

1171 2546 1251 2582 lum
1280 2553 1391 2581 amat.
1412 2547 1497 2581 'Non
1527 2546 1730 2592 praesumat
1755 2549 1885 2581 orare,
1916 2548 1986 2571 nec
2015 2534 2169 2570 deslstat

1171 2606 1337 2656 plorare.
1361 2603 1459 2653 Quid
1485 2610 1541 2639 est
1567 2598 1671 2650 quod
1701 2597 1812 2634 dico?
1835 2600 1894 2632 An
1920 2595 2031 2659 forte.
2048 2593 2166 2659 ullum

1121 2672 1155 2705 D
1173 2673 1345 2702 remanet
1367 2664 1445 2714 spei
1468 2660 1672 2710 refugium,
1693 2656 1759 2694 ubi
1775 2655 1895 2692 oratio
1923 2666 2002 2690 non
2022 2661 2168 2690 lnvemt

1171 2727 1324 2763 locum?
1340 2724 1441 2762 Audi
1462 2721 1677 2760 credentem
1693 2747 1702 2764 ,
1725 2716 1814 2754 audi
1840 2722 2075 2765 sperantem,
2097 2726 2167 2750 nec

1174 2795 1298 2824 tamen
1324 2792 1509 2822 orantem.
1535 2781 1702 2824 Domine,
1727 2776 1867 2826 inquit,
1889 2779 1922 2811 si
1933 2774 2073 2823 faisses
2093 2774 2166 2819 hic,

1164 2846 1290 2895 frater
1313 2857 1413 2880 meus
1440 2856 1513 2878 non
1532 2839 1667 2888 suisset
1695 2845 1866 2873 mortuuS.
1894 2837 2030 2884 Magna
2058 2832 2171 2879 fides,

1171 2920 1245 2957 qua
1272 2904 1431 2942 credidit
1458 2915 1524 2939 sua
1549 2898 1748 2950 praesentia
1774 2895 1980 2934 Dominum
2008 2901 2170 2930 mortem

1171 2966 1376 3018 prohibere
1408 2962 1575 3014 potuisse
1609 2960 1638 2996 si
1671 2957 1862 2995 adfuisset.
1897 2953 2013 2992 Modo
2045 2961 2169 3018 autem

1172 3026 1290 3077 quid?
1316 3024 1424 3062 Absit
1451 3031 1494 3059 ut
1521 3033 1635 3070 quem
1661 3017 1821 3056 credidit
1846 3016 1976 3052 vivum
2004 3021 2170 3077 potuisse

1172 3098 1345 3130 servare,
1383 3092 1577 3119 mortuum
1616 3077 1765 3115 dubitet
1796 3087 1906 3126 posse
1938 3078 2168 3110 resusmtare.

1172 3147 1247 3183 Sed
1264 3157 1373 3189 nunc,
1403 3140 1546 3190 inquit,
1569 3142 1644 3175 scio
1674 3141 1763 3186 qaia
1792 3143 2030 3183 quaecumque
2046 3141 2169 3178 popo-

142 3284 154 3300 ¹
173 3280 286 3322 Regul.
311 3283 345 3320 7,
365 3284 480 3314 31.—
496 3289 509 3305 ²
525 3287 619 3317 Prov.
640 3285 890 3325 xv111,3.—-3
908 3288 990 3319 Psal.
1007 3299 1090 3326 xm,
1119 3290 1146 3318 1.
1162 3306 1207 3309 —
1224 3286 1238 3313 4
1256 3289 1271 3318 Ι
1287 3286 1507 3322 Joan.v,16.

137 3339 152 3354 ²
168 3338 252 3370 Huic
263 3341 434 3383 opponitur
446 3343 603 3375 secundus
615 3345 728 3386 gradus
744 3346 927 3378 humilitatis
937 3371 944 3385 ‚
965 3347 997 3379 Si
1010 3347 1172 3389 propriam
1188 3347 1381 3377 voluntatem
1396 3354 1463 3375 non
1480 3341 1650 3373 delectetur
1664 3336 1800 3378 implere.

144 3383 160 3407 b
180 3391 262 3424 Huic
278 3394 451 3438 opponitur
465 3397 585 3439 primus
601 3399 713 3441 gradus
729 3399 914 3432 humilitatis
926 3425 933 3437 ‚
950 3401 1060 3432 Timor
1075 3401 1133 3433 Dei
1147 3400 1325 3432 continuus.
