2517 3936
32 200 33 203 *
45 181 114 222 793

42 259 159 296 lorum
196 251 352 290 accessit
385 258 421 286 et
454 248 610 299 glor-ire,
645 260 730 284 cum
764 255 818 283 tot
849 256 884 283 et
919 245 1080 283 tantas⁵⁸

752 171 1098 208 EPISTOLAM‘M
1132 170 1395 205 APPENDIX.

1085 245 1167 281 ⁰wl
1203 245 1334 281 saltem
1363 242 1528 280 minimis
1558 243 1595 280 in
1623 243 1760 289 rebus,
1782 244 1990 294 adimplere
2013 247 2117 283 vide-

2042 170 2111 208 Vni

41 313 239 369 parturivit
282 310 482 353 ecelesias,
515 320 601 343 cum
638 315 692 342 tot
730 305 1041 356 niultiplieawerit
1063 306 1090 340 A
1112 314 1271 350 rentnr;
1297 311 1511 340 metuentes
1538 316 1627 339 sane
1657 316 1704 339 ne
1735 304 1772 339 in
1800 317 1961 340 vacuum
1993 319 2119 342 curre-

43 375 225 426 regulares
249 370 455 421 personas?
473 370 547 404 Cur
563 379 654 415 ergo
670 395 679 411 ,
704 375 744 402 ut
766 365 878 402 audio
891 395 901 412 ,
919 365 1039 401 domi-

42 448 109 476 nns
138 431 400 471 Laudunensis
420 429 498 465 sine
522 427 679 464 testibus
700 426 841 463 bellum
872 434 980 476 parat
995 426 1038 461 *.³

41 510 105 536 cur
120 501 235 532 tentat
255 491 358 542 quod
388 491 483 526 forte
505 489 538 525 ei
559 502 788 538 promovere
811 502 884 524 non
907 487 1039 524 liceat?

40 558 75 597 Si
101 555 196 593 tilios
225 553 295 590 Dei
324 550 573 600 congregavi,
596 549 623 585 si
658 549 806 598 suscepi
834 548 979 597 justum
1000 547 1035 583 in

39 615 188 659 nomine
212 612 325 662 jtisti3
355 624 466 647 nemo
500 610 589 645 mihi
627 617 846 645 succenseat
876 624 882 645 :
913 607 1040 644 videat

41 677 130 716 alius
163 688 208 711 ne
241 680 467 722 congregata
505 670 710 720 disperdat.
733 674 941 707 Conservet
970 681 1038 704 vos

39 735 275 787 omnipotens
292 736 402 770 Pater
424 732 470 768 ad
497 731 683 768 honorem
711 731 767 767 sui
787 729 952 766 nominis
971 758 979 773 ,
1001 737 1038 764 et

41 811 104 851 per
119 808 187 833 vos
205 794 379 832 Ecclesiae
400 807 477 830 suze
496 792 715 841 religionem
739 800 776 827 et
797 790 1033 827 sanctitatem

39 853 266 896 corroboret.

39 1000 74 1012 ,α
75 995 1035 1012 ιιιιιιιιιιιιιιιιιιιιιιιιιιιιιιιιιιιιιιιιιιιιιιιιιιιιιιιιιιιιιιιιι

107 1125 474 1183 EPISTOLA
526 1120 960 1196 CDLXXVHJ

39 1290 201 1317 msrml
250 1288 539 1312 ARCHIEPISCOPI
576 1285 826 1309 EBORACENSIS
855 1286 900 1307 AD
939 1285 1034 1307 WIL-

137 1349 290 1374 LELMtssM
321 1347 623 1371 CANTI'ARIENSEM
655 1332 934 1369 PONT1F1C1-331*.

40 1460 378 1506 Reverendissimo,
399 1467 437 1496 et
463 1460 502 1495 in
529 1457 733 1495 clu-istiana
760 1455 942 1493 charitate
963 1455 1035 1491 do-

82 1523 184 1562 mino
224 1524 440 1558 Wuumm
462 1549 471 1566 ,
504 1519 573 1556 Dei
612 1517 730 1567 gratia
773 1516 1035 1554 Cantuariensi

83 1582 370 1633 archiepiscopo
391 1610 401 1627 ,
447 1579 668 1630 apostolicae
722 1577 828 1616 Sedis
876 1577 1001 1626 legato
1022 1605 1031 1622 ,

89 1649 296 1684 Ttns‘rlms
318 1641 451 1680 eadem
471 1641 589 1691 gratia
609 1639 918 1689 archiepiscopus
937 1636 1035 1675 Eho-

84 1704 270 1750 nicensis,
296 1703 335 1740 in
363 1702 511 1740 Christo
540 1702 748 1752 prolicere,
771 1707 808 1736 ct
838 1711 1034 1748 nunquam

83 1765 243 1804 deficere
263 1771 432 1814 exoptat.

87 1889 119 1927 1.
135 1888 407 1926 Ecclesiasticae
433 1886 626 1937 dignitatis
642 1899 813 1924 summus
837 1885 963 1921 honor
978 1893 1035 1922 est

40 1961 114 1987 cnm
132 1949 214 1987 filiis
233 1957 271 1986 et
288 1947 536 2000 optimatibus
557 1947 809 1985 Ecclesiarum
839 1946 940 1982 inter
957 1945 1034 1981 dif-

33 2009 212 2053 ,fidllimos
224 2019 386 2048 eventus
397 2023 478 2047 sum
486 2022 545 2045 ma
560 2007 845 2045 communicare
860 2006 1031 2043 consilia.

33 2069 139 2115 ,Unde
166 2070 389 2108 Paternitati
422 2077 558 2106 vestrae
588 2082 666 2105 rem
704 2067 917 2112 insolitam,
948 2080 1033 2117 quae

33 2131 128 2177 ,iuter
146 2143 215 2168 nos
235 2129 397 2168 Eboraci
424 2141 550 2179 nuper
569 2128 747 2177 contigit,
773 2127 942 2164 indicare
964 2126 1033 2163 de-

42 2190 236 2238 crevimus,
261 2190 415 2228 domine
438 2187 670 2226 venerabilis
685 2196 722 2225 et
739 2187 888 2237 egregie
911 2196 1031 2238 pater.

20 2248 218 2301 Siquidem
250 2258 383 2287 notum
414 2249 503 2286 satis
535 2262 578 2285 ac
613 2256 758 2284 certum
791 2256 848 2284 est
880 2247 1032 2294 multis,

42 2319 170 2360 quanta
197 2310 367 2348 bonitate
388 2323 431 2347 ac
453 2309 551 2346 fama
571 2309 709 2345 enituit
732 2308 882 2345 virtutis
903 2309 942 2345 in
963 2322 1033 2345 au-

43 2368 134 2409 ribus
146 2372 317 2409 omnium
334 2371 482 2421 insigne
499 2368 718 2407 coenobium
736 2369 1033 2407 Sanctae-Mariae

43 2428 286 2470 Eboracensis.
318 2432 423 2469 Infra
460 2444 604 2483 paucos
637 2443 803 2480 namque
838 2443 959 2467 annos
997 2438 1035 2466 et

36 2489 143 2538 ,ι’ὀιιε
169 2493 378 2544 plurimum
404 2492 597 2537 excrevit,
620 2499 658 2528 et
683 2504 846 2528 numero
879 2499 916 2527 et
942 2490 1034 2527 reli-

37 2550 143 2602 gione
170 2553 327 2591 fratrum
364 2551 605 2590 laudabiliter
634 2550 856 2588 abundavit.
892 2554 1033 2587 Verum

1106 374 1191 402 rent
1212 373 1276 402 aut
1294 365 1579 410 cucurrissent,
1597 364 1626 400 si
1650 364 1729 400 voti
1748 377 1833 400 reos
1856 372 1968 400 tantae
1988 364 2118 401 inobe-

1107 426 1259 463 dientiae
1285 425 1445 476 poenalis
1469 425 1561 461 ultio
1590 437 1667 460 non
1691 423 1926 474 reprobaret.
1959 425 2118 461 Facinus

1107 501 1270 537 namque
1287 516 1295 532 ,
1318 487 1376 522 vel
1401 486 1528 536 potius
1552 486 1734 522 insaniam
1755 484 1877 521 videri
1894 483 2114 528 credebant,

1106 560 1145 583 se
1173 555 1326 597 portare
1358 546 1541 595 Regulam
1575 544 1674 582 beati
1711 544 1929 589 Benedicti,
1967 557 2042 580 non
2070 545 2117 581 ad

1108 609 1321 657 profectum
1353 607 1504 653 salutis,
1519 606 1584 642 sed
1608 605 1859 654 adjudicium
1887 605 2030 642 mortis.
2050 606 2117 641 His

1106 669 1222 717 igitur
1260 668 1424 718 permoti
1462 666 1633 717 pra’dicti
1672 666 1827 709 fratres,
1864 665 1985 701 Priori
2016 678 2086 701 suo
2105 694 2114 710 ,

1106 727 1297 765 Richardo
1331 727 1487 764 nomine
1504 755 1513 772 ,
1538 727 1675 762 inentis
1699 738 1774 762 suae
1803 725 1975 761 difficiles
2004 733 2117 761 aestus

1105 789 1343 825 innotescere
1375 788 1637 833 studuerunt,
1676 785 2035 837 praetendentesquc
2069 786 2116 822 de

1107 850 1406 899 transgressione
1425 848 1687 894 stirmidinem,
1709 861 1755 883 ex
1777 847 1857 883 voti
1878 846 2117 883 correctione

1105 911 1363 962 patrocinium
1391 908 1659 960 supplicabant
1679 924 1685 945 :
1705 922 1747 945 ac
1776 921 1822 944 ne
1853 908 2117 958 prosperitatis

1105 971 1266 1021 alicujus
1288 980 1461 1021 respectu
1491 971 1550 1007 vel
1578 969 1818 1006 adversitatis
1840 969 1989 1005 timeret
2012 969 2116 1006 auxi-

1057 1037 1084 1071 B
1106 1033 1210 1077 llari,
1237 1045 1306 1082 per
1334 1032 1516 1081 Spiritum
1543 1030 1634 1075 Dei,
1657 1038 1694 1066 et
1715 1028 1853 1066 Christi
1876 1042 2015 1065 nomen
2045 1029 2115 1065 ad-

1100 1091 1296 1142 jurabant.
1316 1092 1478 1141 Expavit
1500 1091 1580 1141 ipsc¹
1597 1090 1644 1126 de
1666 1090 1835 1126 novitate
1861 1089 1914 1125 rei
1937 1104 1944 1126 :
1969 1102 2011 1125 ac
2029 1089 2115 1125 lieet

1105 1153 1205 1190 inter
1225 1166 1313 1189 suos
1335 1152 1455 1188 dulcis
1486 1152 1649 1187 fortnnae
1682 1163 1830 1185 summa
1862 1150 2037 1186 facultate
2054 1150 2111 1186 vi-

1104 1223 1233 1264 geret;
1271 1212 1401 1249 audito
1441 1220 1565 1248 tamen
1605 1223 1759 1246 rumore
1793 1210 1960 1246 melioris
1995 1210 2083 1246 vitae
2105 1239 2114 1255 ,

1104 1274 1311 1324 perpendit
1334 1273 1436 1308 velut
1457 1271 1670 1307 intentione
1692 1271 1865 1306 censoria
1891 1270 2027 1306 dubios
2054 1285 2116 1307 ca-

1103 1347 1166 1370 sus
1188 1332 1346 1370 labentis
1373 1332 1547 1367 fortunae.
1576 1330 1811 1378 Interimque
1837 1328 1968 1375 brevi,
1995 1339 2116 1367 utres

1102 1402 1204 1438 erat,
1226 1393 1386 1429 internae
1419 1390 1572 1427 virtutis
1603 1403 1692 1426 usus
1713 1390 1872 1426 consilio
1887 1419 1896 1435 ,
1925 1390 2024 1426 inter
2042 1391 2115 1427 hoc

1103 1463 1141 1491 et
1160 1453 1254 1490 illud
1283 1453 1383 1489 illico
1405 1451 1588 1488 discrevit
1616 1450 1874 1500 decrevitque.
1908 1451 2116 1488 Pollicetur

1103 1528 1180 1551 non
1202 1513 1317 1550 modo
1335 1512 1520 1549 auxilium
1535 1541 1544 1557 ,
1559 1524 1694 1548 verum
1713 1511 1825 1547 etiam
1846 1510 2015 1560 ejusdem
2036 1512 2115 1548 voti

1104 1576 1185 1612 sore
1206 1588 1244 1611 se
1267 1574 1425 1611 socium.
1448 1572 1548 1621 Quid
1572 1572 1712 1608 multa?
1731 1571 1845 1621 paulo
1877 1579 1963 1621 post
1984 1584 2116 1608 nume-

1102 1650 1167 1674 rus
1188 1648 1319 1672 eorum
1343 1633 1389 1670 ad
1409 1633 1589 1670 tredecim
1613 1646 1709 1682 pene
1738 1632 1960 1676 convaluit,
1984 1633 2049 1682 qui
2070 1632 2117 1670 de
2156 1624 2160 1631 ⁵

1101 1695 1331 1746 corrigendo
1352 1703 1451 1731 statu
1471 1695 1558 1730 vitae
1585 1706 1662 1730 suae
1679 1692 1790 1742 juxta
1806 1693 1990 1742 Regulam
2014 1693 2115 1731 beati

1101 1756 1316 1803 Benedicti,
1332 1756 1410 1792 imo
1426 1755 1624 1792 veritatem
1644 1753 1859 1804 Evangelii,
1880 1754 2115 1792 contendere

1057 1827 1084 1864 C
1102 1817 1387 1870 proponebant.

1159 1880 1247 1917 2.In
1266 1878 1404 1928 vigiliis
1419 1878 1535 1927 igitur
1551 1877 1814 1928 apostolorum
1834 1876 1937 1914 Petri
1954 1885 1991 1913 et
2010 1877 2115 1914 Pauli

1102 1940 1262 1978 dilectus
1290 1940 1405 1976 frater
1426 1947 1557 1976 noster
1582 1938 1798 1976 Richardus
1819 1938 1943 1984 Prior,
1972 1939 2011 1975 in
2039 1952 2115 1989 quo

1102 2011 1180 2039 tota
1208 2014 1306 2052 pene
1343 2000 1563 2037 monasterii
1595 2013 1685 2036 cura
1714 1998 1931 2049 pendebat,
1959 2008 2114 2050 sumpto

1100 2076 1228 2100 secum
1254 2061 1464 2112 Subpriore
1485 2074 1554 2098 suo
1572 2060 1755 2099 Gervasio
1768 2090 1777 2106 ,
1799 2060 1899 2096 inter
1916 2073 2003 2097 suos
2020 2073 2114 2096 con—

1101 2122 1349 2160 coenobitales
1381 2122 1580 2158 nominato
1611 2134 1652 2158 ac
1685 2120 1884 2170 religioso,
1915 2134 2018 2167 rem,
2055 2121 2110 2157 uti

1101 2182 1328 2234 agitabatur,
1353 2182 1511 2219 domino
1533 2181 1661 2218 abbati
1690 2194 1758 2218 suo
1788 2181 2023 2218 familiariter
2049 2195 2111 2218 ex-

1100 2258 1246 2295 ponere
1264 2244 1424 2281 curavit.
1449 2247 1583 2292 Itaque
1606 2242 1786 2279 dominus
1811 2241 1946 2289 abbas,
1961 2243 2020 2279 vir
2036 2242 2111 2279 uti-

1101 2319 1175 2356 que
1196 2318 1268 2356 pro
1301 2318 1413 2342 seusu
1443 2313 1481 2340 et
1506 2304 1660 2354 ingenio
1684 2316 1753 2340 suo
1780 2303 1963 2340 honestus
1983 2316 2026 2340 ac
2045 2302 2113 2339 bo-

1101 2380 1174 2403 nus
1190 2396 1198 2412 ,
1220 2367 1332 2403 nimis
1352 2374 1478 2402 autem
1505 2365 1665 2415 simplex
1694 2372 1732 2401 et
1763 2364 1998 2409 illitteratus,
2019 2365 2109 2401 novi

1102 2427 1268 2465 rumoris
1299 2426 1524 2463 miraculum
1558 2424 1758 2462 exhorruit
1782 2439 1790 2461 :
1815 2424 1991 2474 antiquos
2018 2425 2111 2461 ritus

1101 2498 1138 2526 et
1158 2489 1286 2526 solitas
1315 2486 1638 2533 consuetudines,
1659 2498 1752 2536 quas
1776 2498 1875 2536 pene
1906 2493 1988 2521 toto
2017 2485 2112 2522 orbe

1101 2551 1286 2600 generalis
1305 2548 1510 2586 multitudo
1529 2546 1717 2592 obtinuit,
1738 2559 1849 2596 posse
1864 2558 1902 2582 se
1919 2545 1956 2581 in
1976 2546 2112 2583 locello

44 2611 119 2662 qu‘a
136 2626 221 2650 cum
246 2613 385 2665 opibus
402 2613 564 2650 virtutes
585 2612 712 2649 minus
731 2612 860 2662 vigere
879 2640 888 2657 ‚
909 2611 1034 2649 minus
1053 2613 1084 2647 D
1102 2624 1172 2648 suo
1205 2618 1353 2647 mutare
1384 2608 1548 2658 negavit.
1583 2613 1631 2645 At
1662 2620 1754 2643 vero
1786 2606 1966 2642 dominus
1989 2606 2111 2653 Prior,

45 2673 234 2712 msisteoe
253 2674 358 2712 haud
377 2673 537 2711 dubium
553 2681 634 2720 est3
656 2672 772 2722 aliqui
789 2685 837 2709 ex
855 2671 1036 2709 fratribus

38 2731 199 2784 *ejudem
219 2734 385 2773 coenobii
402 2743 490 2773 ante
510 2733 710 2771 dimidium
734 2733 852 2770 ferme
869 2746 1010 2770 annum
1023 2761 1032 2778 ,

46 2792 182 2842 fiviuo,
199 2796 238 2834 ni
258 2796 379 2843 fallor,
402 2795 584 2832 instinctu
613 2793 801 2845 permoti,
838 2801 1037 2844 coeperunt

38 2853 208 2894 demodo
227 2870 270 2894 ac
288 2866 387 2894 statu
408 2855 712 2894 conversationis
732 2868 810 2892 suae
827 2854 1036 2891 vehemen-

47 2926 95 2954 ter
122 2917 272 2968 agitari,
307 2927 345 2955 et
380 2916 624 2955 remordente
659 2915 890 2954 conscientia
904 2944 913 2961 ,
940 2915 1037 2952 sicut

38 2976 108 3027 ’ἐμέ
125 2985 319 3025 testantur,
332 2979 461 3016 multis
480 2976 687 3027 angoribus
703 2984 876 3013 aestuare.
891 2979 1037 3025 Nempe

40 3035 112 3074 3111
129 3050 168 3075 se
186 3051 284 3088 pene
309 3037 553 3084 metuebant,
575 3037 606 3074 si
630 3045 778 3073 tantum
802 3044 936 3073 votum
967 3049 1036 3072 ex-

40 3095 175 3145 secutio
199 3098 313 3148 digna
332 3099 487 3136 minime
504 3106 741 3148 sequeretur.
761 3096 874 3135 L'nde
893 3096 1035 3133 inaesti—

49 3154 161 3195 nabili
172 3157 331 3196 horrore
345 3159 436 3196 dicti
452 3159 586 3196 fratres
599 3158 860 3196 Eboracenscs
872 3157 1036 3207 perculsi

49 3225 142 3264 mut,
159 3231 205 3255 eo
221 3219 325 3269 quod
347 3220 595 3270 professionis
613 3233 690 3256 siue
706 3227 837 3255 votum
856 3218 890 3254 in
910 3218 1035 3263 nullis,

83 3339 98 3355 ⁸
111 3339 227 3383 Scripta
243 3350 326 3372 anno
338 3340 451 3372 Christi
479 3344 486 3372 1
500 3344 575 3372 132.

1102 2680 1237 2722 utpote
1266 2671 1363 2708 bene
1395 2670 1615 2706 litteratus:
1647 2686 1660 2700 α
1687 2668 1745 2705 §il
1779 2666 1897 2713 rude,
1916 2684 1930 2699 »
1966 2667 2111 2717 inquit,

1103 2749 1118 2765 «
1142 2745 1165 2768 0
1197 2739 1318 2782 pater,
1350 2738 1416 2768 aut
1447 2742 1589 2766 novum
1619 2728 1802 2765 inducere
1831 2727 2112 2765 contendimus.

1104 2796 1274 2830 »Veram
1305 2800 1343 2829 et
1378 2791 1574 2840 antiquam
1607 2789 1831 2839 religionem
1862 2788 1962 2825 beati
1994 2792 2112 2839 patris

1105 2870 1119 2886 υ
1141 2853 1262 2890 nostri
1294 2851 1513 2898 Benedicti,
1546 2851 1623 2887 imo
1662 2850 1774 2887 etiam
1807 2849 2112 2898 antiquissimum

1105 2932 1120 2947 »
1139 2914 1388 2964 Evangelium
1411 2912 1579 2959 Christi,
1606 2910 1712 2961 quod
1742 2923 1876 2947 omnes
1912 2910 2114 2960 religiones

1106 2995 1120 3009 »
1139 2985 1175 3012 et
1193 2975 1342 3024 regulas
1355 2972 1569 3018 antecedit,
1588 2984 1780 3009 assumere
1800 2979 1838 3007 et
1861 2971 1950 3007 totis
1968 2970 2114 3008 viribus

1106 3050 1224 3073 »cum
1255 3035 1373 3085 gratia
1411 3033 1619 3070 observare
1651 3032 1847 3069 debemus.
1881 3033 2112 3069 Caeterorum

1104 3115 1119 3131 2,
1142 3096 1419 3133 monachorum
1441 3094 1566 3131 nullos
1583 3093 1818 3130 detrahitnus
1833 3122 1842 3138 ,
1866 3092 2115 3129 institutioni-

1105 3175 1120 3190 »
1142 3157 1212 3193 bus
1233 3169 1367 3193 eorum
1397 3168 1477 3191 non
1509 3154 1737 3191 invidemus.
1766 3154 1913 3191 Scimus
1942 3153 2045 3202 quod
2077 3153 2112 3188 in

1110 3241 1121 3249 „
1144 3217 1248 3253 omni
1264 3218 1349 3253 loco
1372 3216 1438 3252 uni
1457 3215 1624 3252 Domino
1641 3215 1819 3259 servitur,
1839 3213 1905 3249 uni
1932 3213 2023 3260 Regi
2045 3213 2109 3247 mi-
