2517 3936
113 183 208 220 1485

476 320 652 359 CAPUT
682 321 754 360 xl.

158 434 288 467 Insidias
309 434 413 466 evadit
432 435 614 474 incolumis,
630 435 812 467 auctoribus
829 436 909 467 mate
925 435 1064 478 perditis.

165 556 228 594 22.
257 556 328 594 Illo
356 556 470 606 igitur
490 556 603 593 celeri
630 563 753 592 morte
775 556 873 592 sacto
899 555 945 592 de
967 555 1111 601 medio,

110 628 261 653 rursum
283 616 450 666 Nigellus
468 615 644 665 quidam,
667 615 744 650 imo
762 627 851 650 vere
873 614 1114 663 nigerrimus,

109 675 237 714 sedem
256 676 471 727 praeripuit.
494 679 541 713 Et
561 676 599 711 in
620 675 693 710 hoc
714 674 849 710 animae
870 687 947 710 suae
972 675 1115 711 Mauri-

110 736 192 774 cius
210 736 335 773 adhuc
353 736 487 772 vivens
511 733 755 784 providerat,
779 742 819 770 ut
840 734 941 770 hunc
958 733 1115 771 haberet

109 796 300 834 haeredem
321 811 331 832 ι
348 795 386 832 10
406 807 484 844 (1110
505 795 570 844 qui
591 793 831 830 damnandus
851 793 1001 840 exibat,
1021 789 1116 844 ope—

109 855 215 894 ribus
225 854 390 905 adjicere
402 854 655 891 damnationis
668 854 898 905 persisteret.
914 857 1004 891 Erat
1016 855 1117 891 enim

109 925 148 953 et
160 916 242 967 ipse
259 930 307 953 ex
320 915 497 953 damnata
513 915 716 966 progenie,
733 923 916 964 cognatus
932 915 1116 952 Mauricii.

109 978 296 1014 Caeterum
328 978 431 1020 Rex,
467 983 505 1011 et
539 973 736 1025 episcopi,
772 983 811 1011 et
850 974 980 1011 fideles
1011 983 1120 1011 terrae

110 1036 359 1073 nihilominus
404 1043 700 1080 convenerunt,
747 1043 789 1071 ut
829 1035 1169 1077 introducercntB

109 1095 347 1133 Malachiam.
365 1098 412 1132 Et
430 1108 518 1132 ecce
536 1095 737 1131 consilium
762 1095 1053 1145 malignantium
1074 1108 1122 1131 ex

109 1155 287 1193 adverso.
319 1154 481 1204 Quidam
505 1154 551 1191 de
581 1155 666 1191 filiis
697 1155 812 1191 Belial
842 1163 1044 1205 promptus
1075 1154 1122 1191 ad

110 1215 317 1262 malitiam,
349 1223 489 1266 potens
515 1215 555 1251 in
590 1215 808 1264 iniquitate,
841 1215 963 1252 sciens
995 1215 1121 1251 locum

109 1275 177 1313 ubi
196 1276 340 1327 pariter
360 1275 570 1313 convenire
593 1275 870 1322 decrevissent,
892 1276 1021 1313 multis
1053 1289 1118 1326 ag-

109 1336 272 1386 gregatis
296 1335 390 1384 sibi,
411 1337 572 1373 latenter
592 1336 762 1373 vicinum
793 1345 957 1386 occupat
985 1337 1121 1373 collem

110 1397 342 1434 eminentem
367 1410 388 1435 e
408 1397 565 1447 regione
592 1412 600 1434 ε
632 1397 736 1434 unde
766 1397 841 1434 illis
871 1396 1123 1435 tractantibus

109 1458 202 1505 alia,
220 1458 424 1509 repentino
438 1459 585 1509 impetu
598 1471 714 1509 super
727 1459 902 1496 incautos
917 1459 1122 1505 irruerent,

110 1526 149 1554 et
172 1518 437 1556 interficerent
463 1519 700 1556 innocentes.
732 1518 992 1556 Condixerant
1021 1519 1121 1555 enim

110 1576 224 1613 etiam
250 1581 393 1627 Regem
425 1590 515 1614 cum
536 1577 720 1627 episcopo
744 1577 953 1624 trucidare,
973 1586 1017 1614 ut
1043 1590 1122 1614 non

109 1645 209 1675 esset
227 1637 294 1687 qui
312 1637 526 1674 vindicaret
545 1638 770 1687 sanguinem
787 1637 947 1687 justum.
966 1641 1040 1675 Res
1058 1637 1120 1673 in·

110 1697 241 1734 notuit
271 1697 490 1744 Malachiae,
521 1706 559 1734 et
590 1699 739 1734 intrans
775 1698 972 1735 ecclesiam
1012 1697 1124 1748 (erat

110 1758 212 1795 enim
235 1760 382 1808 prope)
404 1757 560 1794 elevatis
580 1757 757 1794 manibus
777 1758 900 1794 oravit
919 1757 966 1794 ad
986 1757 1123 1795 Domi—

764 188 908 223 LlBER
936 188 1000 223 DE
1029 189 1143 223 VITA
1172 190 1208 223 S.
1242 189 1523 226 MALAciujz.

1118 262 1168 281 ⁶⁶⁸
1185 264 1329 301 lumine
1355 267 1510 312 mansit,
1532 267 1680 305 dicente
1704 273 1895 321 Scriptura

1132 330 1163 363 A
1186 327 1305 359 Israel
1336 334 1440 368 erat,
1475 329 1542 361 lux
1573 337 1649 362 erat
1668 333 1692 364 ².
1726 332 1808 366 lluc
1840 332 1926 368 milii
1949 335 2112 370 occurrit
2144 344 2180 370 ct

2082 197 2178 233 1480

1920 288 1927 309 z
1955 274 2178 323 Ubicumque

1183 383 1323 420 sactum
1354 384 1472 420 sancti
1493 385 1604 431 Eliae,
1635 399 1736 423 nunc
1757 389 1908 437 quidem
1938 391 1983 427 ab
2004 395 2179 429 extremis

1183 451 1293 480 terrae
1321 443 1442 480 nubes
1472 452 1508 480 ct
1537 445 1686 493 pluvias
1709 447 1937 494 educentis3‚
1966 464 2066 488 nunc
2089 466 2178 488 vero

1181 517 1296 553 super
1327 503 1570 554 blasphemos
1598 507 1790 542 evocantis
1821 508 1945 556 ignem
1969 510 2014 546 de
2041 512 2175 548 cti—10⁴]

1182 565 1228 599 Et
1248 563 1363 600 modo
1385 563 1431 599 de
1451 563 1563 600 simili
1581 564 1807 601 clarificatus
1825 575 1879 603 cst
1896 572 1999 605 Deus
2020 570 2055 605 111
2075 585 2182 607 scri«,

1181 637 1250 661 Suo
1272 624 1466 661 Malachia.

1517 742 1703 782 *CAPt'T
1732 744 1827 783 XII.

1186 868 1300 897 Hostes
1316 876 1369 897 seu
1388 866 1534 905 annulos,
1557 866 1587 897 iu
1606 867 1704 908 ipsum
1732 873 1885 905 armatos,
1910 867 2020 899 xirtute
2044 869 2135 899 animi
2156 877 2185 900 et

1257 919 1410 950 constanti
1434 919 1465 950 iu
1483 922 1585 950 Deum
1607 920 1667 951 lide
1687 921 1780 958 lenit,
1804 920 1923 962 sibique
1945 922 2098 953 conciliat.

1241 1038 1303 1075 24.
1324 1044 1436 1076 Anno
1455 1039 1572 1076 aetatis
1589 1053 1664 1076 suae
1684 1041 1872 1077 tricesimo
1887 1049 2021 1077 octavo
2041 1055 2186 1092 pauper

1188 1099 1409 1145 Malachias,
1436 1101 1545 1150 pulso
1577 1100 1816 1147 incubatore,
1841 1101 1994 1137 intravit
2021 1102 2183 1138 1111111111-

1189 1159 1271 1204 cha,
1287 1160 1458 1208 pontifex
1477 1169 1511 1196 et
1530 1161 1844 1210 metropolitanus
1857 1161 1970 1197 totius
1982 1160 2182 1198 Hiberniae.

1189 1222 1290 1269 Rege
1312 1233 1405 1256 vero
1427 1220 1665 1268 caeterisque,
1686 1221 1754 1270 qui
1775 1220 2062 1257 introduxerant
2079 1235 2184 1267 611111,

1190 1280 1236 1318 ad
1258 1281 1412 1330 propria
1430 1280 1705 1326 remeantibus,
1728 1281 1808 1331 ipse
1827 1289 1994 1317 remanet
2013 1281 2050 1317 in
2072 1294 2184 1318 manu

1188 1342 1278 1387 Dei,
1296 1349 1332 1378 et
1346 1350 1542 1377 remanent
1557 1342 1609 1377 illi
1625 1341 1714 1377 soris
1729 1354 1865 1390 pugnae
1877 1370 1885 1386 ,
1904 1341 2003 1378 intus
2019 1342 2182 1378 timores.

1189 1405 1282 1439 'Nam
1306 1414 1391 1438 ecce
1408 1401 1560 1450 viperea
1587 1400 1759 1445 soboles,
1790 1400 1968 1436 frendens
1988 1408 2025 1436 et
2046 1401 2185 1437 vocife-

1191 1474 1277 1498 rans
1292 1475 1330 1498 se
1344 1461 1593 1507 exhaeredari,
1612 1469 1691 1497 tota
1706 1474 1743 1497 se
1760 1461 1862 1497 intus
1878 1469 1914 1497 et
1931 1460 2020 1496 foris
2034 1461 2187 1497 suscitat

1191 1521 1370 1558 adversus
1389 1521 1594 1559 Dominum
1610 1550 1618 1566 ‚
1635 1529 1672 1557 et
1688 1520 1868 1557 adversus
1889 1520 2070 1556 christum
2088 1520 2182 1570 ejus.

1189 1585 1309 1619 Porro
1346 1582 1512 1631 Nigellus
1542 1580 1673 1617 videns
1704 1580 1774 1616 sibi
1808 1581 2004 1617 imminere
2036 1581 2158 1630 fugam
2175 1610 2184 1627 ,

1191 1642 1275 1678 tulit
1288 1655 1413 1678 secum
1428 1641 1586 1689 insignia
1599 1640 1770 1689 quaedam
1787 1640 1890 1676 Sedis
1904 1640 2002 1676 illius
2013 1669 2022 1686 ,
2040 1649 2182 1677 textum

1189 1703 1331 1739 scilicet
1352 1702 1643 1751 Evangeliorum
1666 1729 1675 1746 ,
1707 1701 1771 1749 qui
1808 1700 1877 1736 suit
1898 1699 1996 1736 beati
2015 1701 2160 1737 Patricii
2176 1730 2186 1746 ‚

1190 1762 1446 1812 baculumque
1467 1774 1558 1798 auro
1578 1769 1741 1805 tectum,
1763 1768 1799 1796 et
1819 1760 1973 1808 gemmis
1994 1761 2186 1809 pretiosis—

114 1831 208 1855 num
226 1833 234 1855 ε
253 1825 292 1855 et
309 1830 397 1854 ecce
417 1816 540 1854 nubes
557 1825 595 1854 et
614 1818 753 1868 caligo,
776 1817 842 1854 sed
863 1826 900 1854 et
921 1816 1124 1854 tenebrosa
1142 1824 1168 1860 C
1190 1823 1292 1860 simis
1327 1822 1554 1859 adornatum
1583 1850 1592 1867 ,
1631 1833 1744 1869 quem
1780 1821 1982 1856 nominant
2012 1820 2184 1856 baculum

115 1891 213 1928 aqua
242 1878 281 1915 in
305 1877 474 1915 nubibus
501 1879 616 1925 aeris,
639 1878 739 1915 diem
758 1886 960 1915 verterunt
980 1879 1018 1915 in
1048 1892 1121 1914 no-

111 1946 222 1975 ctem.
246 1939 413 1988 Fulgura
439 1952 595 1988 quoque
617 1947 654 1975 et
674 1938 843 1975 tonitrua
864 1947 901 1975 et
922 1937 1124 1975 horribiles

110 1998 266 2049 spiritus
280 1999 539 2049 procellarum
551 2028 561 2045 ,
577 1998 677 2035 diem
693 1998 868 2035 ultimum
882 1999 1122 2045 minitantur,

109 2058 352 2109 vicinamque
371 2059 560 2095 elementa
578 2058 770 2094 intentant
793 2058 923 2094 omnia
944 2067 1120 2095 mortem.

165 2118 227 2156 23.
246 2122 294 2156 Et
308 2126 351 2155 ut
371 2118 484 2164 scias,
507 2117 641 2165 lector,
663 2117 768 2167 quod
787 2118 910 2154 oratio
927 2117 1122 2154 Malachiae

111 2181 350 2217 concusserit
377 2180 589 2226 elementa,
619 2179 722 2216 solos
746 2179 949 2229 intercepit
977 2188 1121 2229 tempe-

112 2247 207 2286 stas,
229 2239 296 2289 qui
314 2238 538 2290 quaerebant
564 2239 729 2275 animam
753 2237 856 2287 ejus,
888 2239 988 2275 solos
1007 2237 1119 2275 turbo

113 2298 339 2336 tenebrosus
360 2299 546 2346 involvit,
577 2299 643 2348 qui
662 2307 892 2348 paraverant
922 2311 1040 2348 opera
1062 2306 1121 2334 te-

113 2359 333 2398 nebrarum.
346 2361 523 2410 Denique
537 2360 618 2410 ipse
628 2389 638 2406 ‚
654 2360 720 2409 qui
735 2360 916 2410 princeps
927 2360 1124 2396 exstiterat

113 2422 208 2458 tanti
229 2422 339 2468 mali,
363 2421 520 2458 fulmine
550 2433 752 2471 percussus
773 2421 916 2457 interiit
943 2433 1029 2457 cum
1059 2420 1123 2456 tri-

112 2481 185 2519 bus
200 2482 282 2519 aliis
299 2497 307 2519 :
328 2491 366 2519 et
379 2482 485 2519 fuere
503 2490 699 2518 consortes
711 2481 846 2518 mortis
858 2510 867 2526 ,
885 2481 949 2530 qui
971 2481 1121 2517 t'uerant

112 2543 318 2593 participes
333 2542 496 2580 sceleris.
511 2546 683 2591 Quorum
698 2542 873 2591 sequenti
890 2541 951 2578 die
967 2542 1122 2578 inventa

1191 1889 1302 1930 Jesu,
1324 1896 1369 1920 eo
1399 1881 1503 1932 quod
1533 1881 1611 1930 ipse
1633 1881 1818 1917 Dominus
1847 1879 1915 1929 (ut
1937 1880 2007 1916 fert
2029 1879 2187 1929 opinio

1191 1958 1278 1981 eum
1303 1944 1381 1980 suis
1408 1941 1584 1979 manibus
1615 1941 1797 1986 tenuerit,
1824 1948 1935 1989 atquc
1957 1940 2187 1975 formaverit.

1191 2009 1238 2042 Et
1269 2005 1350 2041 haec
1379 2016 1537 2040 summae
1570 2000 1760 2050 dignitatis
1792 2008 1828 2036 et
1865 2000 2117 2036 venerationis
2152 1999 2189 2035 111

1190 2072 1302 2113 gente
1323 2063 1397 2099 illa.
1431 2065 1574 2111 Nempe
1596 2060 1792 2096 notissima
1813 2067 1901 2095 sunt
1921 2058 2186 2095 celeberrima-

1189 2138 1264 2174 que
1292 2124 1331 2160 in
1357 2122 1528 2173 populis,
1559 2129 1672 2169 atque
1702 2120 1737 2154 in
1769 2132 1811 2155 ca
1846 2118 2056 2154 reverentia
2084 2117 2183 2166 apud

1189 2197 1340 2231 omnes,
1362 2192 1403 2220 ut
1431 2183 1495 2232 qui
1516 2182 1578 2217 illa
1608 2179 1745 2216 habere
1771 2179 1872 2214 visus
1902 2178 2034 2223 suerit,
2056 2178 2179 2226 ipsum

1186 2244 1324 2282 habeat
1341 2244 1563 2294 episcopum
1585 2240 1749 2290 popu-lus
1768 2239 1902 2275 stultus
1923 2246 1960 2273 et
1982 2237 2176 2286 insipiens.

1188 2304 1272 2343 Ibat
1287 2305 1404 2341 homo
1421 2314 1649 2353 gyrovagus,
1668 2308 1705 2335 et
1724 2299 1818 2335 alter
1838 2306 1982 2334 satanas
2001 2295 2184 2332 circuibat

1190 2375 1352 2412 terram,
1383 2373 1418 2401 et
1448 2359 1732 2413 perambulabat
1755 2371 1855 2403 eam,
1889 2356 2048 2405 insignia
2079 2369 2182 2392 sacra

1189 2426 1461 2465 circumferens
1482 2438 1488 2459 :
1516 2435 1599 2472 quse
1628 2419 1767 2468 ubique
1787 2426 1981 2454 ostentans
1998 2444 2006 2458 ,
2038 2415 2179 2464 ubique

1187 2499 1321 2523 eorum
1344 2484 1462 2534 gratia
1482 2479 1765 2531 receptabatur,
1795 2475 1999 2513 concilians
2019 2474 2088 2511 sibi
2113 2488 2183 2524 per

1187 2548 1267 2584 haec
1293 2545 1439 2582 animos
1471 2542 1664 2585 0010111111,
1682 2547 1718 2575 et
1748 2552 1767 2574 a
1785 2535 1988 2580 Malachia,
2012 2547 2182 2583 quosque

114 2611 204 2640 sunt
236 2616 401 2653 corpora
432 2603 633 2649 semiusta,
669 2610 705 2639 et
736 2601 910 2652 putrida,
943 2602 1123 2639 haerentia
1144 2606 1404 2658 Dp0mi550t‚
1432 2611 1616 2640 avertens.
1635 2603 1723 2637 Haec
1740 2598 1811 2634 ille-

115 2663 231 2700 ramis
250 2662 454 2709 arborum,
474 2662 540 2699 ubi
569 2676 761 2712 quemque
787 2663 942 2713 spiritus
973 2663 1126 2700 elevans

115 2726 301 2764 allisisset.
350 2725 427 2763 Alii
466 2739 620 2776 quoque
657 2734 732 2762 tres
771 2725 944 2762 semivivi
980 2726 1123 2762 inventi

115 2795 226 2825 sunt:
243 2787 371 2824 caeteri
385 2800 518 2823 omnes
532 2787 830 2836 circumquaque
846 2786 1018 2836 dispersi.
1035 2787 1125 2824 Illos

116 2855 243 2884 autem
261 2847 328 2897 qui
348 2860 433 2883 cum
450 2847 636 2884 Malachia
651 2855 761 2883 erant
773 2876 783 2893 ,
803 2847 979 2896 quamvis
996 2847 1126 2897 proxi-

117 2921 200 2945 mos
225 2908 332 2954 loco,
360 2915 564 2958 tempestas
591 2907 750 2943 omnino
780 2919 858 2943 non
882 2907 1027 2956 tetigit,
1055 2920 1125 2943 nec

117 2968 328 3019 quidquam
347 2968 531 3006 molestiae
551 2968 692 3004 intulit.
714 2971 756 3004 In
779 2967 877 3004 facto
898 2967 970 3004 isto
994 2981 1125 3005 recens

118 3028 292 3078 capimus
315 3029 631 3079 experimentum
663 3027 833 3064 veritatis
860 3027 970 3064 verbi
998 3028 1100 3064 illius
1116 3056 1126 3074 ,

119 3088 212 3138 quia
231 3093 351 3125 oratio
361 3089 457 3135 justi
468 3097 644 3138 penetrat
665 3090 777 3124 coelos
792 3094 817 3124 ¹.
839 3088 910 3126 Sed
929 3096 967 3124 et
983 3101 1127 3124 novum

119 3148 266 3198 antiqui
299 3149 520 3199 exemplum
557 3148 731 3185 miraculi
754 3176 764 3194 ,
809 3161 886 3198 quo
925 3148 1016 3185 olim
1050 3155 1129 3184 tota

120 3212 287 3259 AEgypto
317 3217 494 3246 versante
523 3208 563 3245 in
585 3207 774 3253 tenebris,
812 3208 915 3245 solus
945 3207 1061 3245 Israel
1090 3206 1127 3242 in

1247 2666 1309 2702 25.
1334 2668 1424 2701 Erat
1445 2671 1569 2699 autem
1598 2660 1772 2709 princeps
1799 2655 1950 2705 quidam
1979 2654 2024 2690 de
2045 2662 2184 2703 poten-

1193 2724 1352 2763 tioribus
1365 2723 1504 2772 iniquae
1517 2718 1708 2770 progeniei
1722 2747 1731 2763 ,
1746 2730 1856 2766 quem
1871 2719 1949 2752 Rex
1966 2714 2185 2764 priusquam

1193 2785 1383 2822 civitatem
1406 2782 1543 2825 exiret,
1563 2779 1692 2828 jurare
1713 2783 1885 2824 coegerat
1906 2786 2035 2823 pacem
2058 2781 2186 2809 tenere

1192 2845 1383 2894 Episcopo
1394 2871 1403 2888 ,
1422 2839 1582 2889 acceptis
1597 2837 1642 2873 ab
1657 2850 1702 2872 60
1717 2836 1870 2884 insuper
1881 2832 2077 2870 obsidibus
2092 2832 2188 2868 mul-

1193 2905 1251 2941 tis.
1272 2907 1309 2940 Is
1330 2910 1416 2952 post
1431 2899 1542 2948 Regis
1569 2898 1708 2934 exitum
1728 2894 1975 2932 nihilominus
1994 2893 2183 2929 civitatem

1191 2965 1380 3013 ingressus
1394 2990 1404 3007 ,
1428 2958 1626 2996 consilium
1647 2955 1779 2993 habuit
1799 2968 1884 2991 cum
1906 2953 2128 3003 propinquis
2151 2960 2187 2988 et

1193 3023 1344 3068 amicis,
1375 3018 1568 3070 quomodo
1603 3025 1774 3054 sanctum
1807 3014 1895 3051 dolo
1926 3020 2114 3056 tenerent,
2149 3019 2188 3046 et

1194 3082 1410 3121 occiderent
1439 3094 1446 3116 ι
1478 3077 1662 3114 timebant
1681 3090 1773 3113 vero
1793 3073 1954 3125 plebem.
1977 3071 2026 3107 Et
2048 3069 2184 3118 conju-

1193 3150 1318 3180 rantes
1345 3140 1384 3176 in
1414 3151 1544 3175 necem
1571 3135 1785 3181 Malachiae,
1807 3132 2034 3170 constituere
2059 3129 2183 3164 locum

1195 3211 1232 3239 ct
1252 3201 1350 3238 diem
1364 3228 1374 3246 ,
1397 3207 1434 3235 et
1455 3197 1615 3234 traditor
1635 3195 1736 3232 dedit
1762 3195 1814 3230 eis
1833 3192 1989 3240 signum.
2011 3191 2098 3237 Ipso
2123 3186 2182 3222 die

171 3347 181 3362 ¹
199 3339 292 3372 Eccti.
315 3350 409 3378 uxr,
434 3343 489 3372 21.
509 3347 574 3363 -2
604 3340 704 3372 Esod.
730 3352 769 3380 x,
793 3344 846 3372 23.
874 3337 939 3362 —3
961 3342 1221 3379 lltlteg.xx-111‚
1250 3337 1297 3366 ἒξ).
1319 3332 1455 3362 -4'1V
1478 3333 1553 3371 Rog-
1578 3339 1607 3365 ¹²
1635 3329 1689 3357 ¹0·
