2517 3936
18 181 75 218 -73

27 265 89 295 nte
103 266 199 305 quos
220 251 337 288 filium
356 248 505 286 comitis
525 246 735 284 Thoobaldi
763 246 1046 300 illustrissimi⁵⁷

1055 247 1162 285 ⁴nam
1193 251 1321 300 posuit
1349 252 1595 288 mansionem.
1629 271 1633 283 ι

718 174 1065 207 EPIS'st)L.-t1>tts.xt
1097 176 1121 206 A
1132 175 1359 210 t>Pi-1Nt)lx.
2010 180 2074 190 ““’

2015 193 2079 215 ill

1665 254 1751 289 sim·
1784 254 1994 291 humilitate
2015 269 2082 305 per

18 314 182 365 ‘wincipis
205 310 311 348 vobis
341 308 538 345 sollicitius
568 307 881 344 commendamus
896 336 905 352 ,
930 319 1006 343 non
1029 313 1058 344 A
1079 328 1091 339 ιΔ
1110 309 1352 359 prudentiam
1375 311 1512 359 eligere
1528 312 1629 361 quod
1649 312 1879 361 diligendum
1898 314 2083 359 est‚1»sic—

18 384 177 426 ⁴'anquam
215 383 332 408 unum
371 369 417 405 de
456 368 619 412 caetcris,
654 368 719 404 sed
753 382 832 419 prae
864 368 1009 404 caeteris

19 448 133 474 inum,
149 431 306 471 Juvenis
320 437 391 473 est,
410 427 548 475 nobilis
564 436 634 474 est,
653 427 764 465 bonae
783 428 922 465 indolis
936 437 1005 473 est,

31 507 44 536 t
66 493 252 548 primitias
277 504 354 527 susc
381 489 542 533 militiae,
571 502 648 525 non
679 489 831 525 matitiae
853 489 918 525 sed
943 487 1008 537 ju-

19 558 112 598 'titiae
141 552 374 592 consecravit
404 567 410 588 :
436 551 532 587 lilius
553 551 666 586 etiam
688 559 743 587 est
767 550 931 586 hominis
963 550 1008 586 il-

27 622 98 665 ius,
117 615 180 667 qui
201 621 361 664 propter
383 612 582 647 veritatem
609 619 646 647 et
675 610 1006 647 mansuetudinem

33 676 235 730 tinstitiam
258 673 427 722 diligitur
447 680 484 708 et
511 671 726 708 honoratur
745 673 845 708 inter
866 672 1008 721 princi-

28 751 75 778 »ες
93 745 213 775 terrae.
236 737 310 771 Pro
331 732 388 769 his
409 731 590 768 omnibus
610 745 679 768 vos
702 732 926 782 participem
955 733 1008 768 l'a-

32 801 123 839 inus
154 794 324 833 omnium
365 792 640 829 beneficiorum
681 806 768 842 qua}
812 793 847 828 in
892 792 1008 828 domo

20 866 134 901 :mu-a
160 856 255 894 fiunt
275 862 311 890 et
337 854 447 899 fient,
469 861 511 889 ut
533 865 602 889 vos
623 853 732 889 saciat
760 852 1006 890 victoriosum

29 934 51 959 n
63 917 190 961 κοπὶς,
207 916 244 952 in
261 914 366 952 coelis
382 913 592 963 gloriosum
607 943 616 957 ‚
636 927 798 963 sponsus
816 913 1006 957 Ecclesiae,

30 969 109 1020 ilius
125 976 270 1022 Mariae,
291 976 482 1025 Dominus
502 978 604 1011 Deus
625 983 767 1011 noster.

1030 1037 1056 1070 Β
1076 1036 1194 1086 pulit3
1227 1036 1373 1085 puritas
1403 1037 1500 1072 uteri
1533 1036 1727 1085 virginalis
1759 1035 1924 1085 suscepit

31 1119 737 1136 nu.=on=su=*======w-===============s====-snum·
758 1120 853 1128 =======
873 1121 1013 1129 ======s=¹=

141 1246 512 1305 EPISTOLA
564 1247 899 1322 CDLXIH,

34 1404 172 1431 :mnu
197 1403 245 1427 An
272 1403 456 1426 tuomum
486 1402 697 1426 EPISCOPL'M
713 1389 742 1434 *‚
775 1403 817 1426 ΙΝ
848 1402 1017 1426 ΡεῐιεοΝΑ

117 1446 123 1450 “
245 1463 386 1487 nomm
416 1463 775 1486 c1..x1zAE-x·.-x1.1,r,‚x'51s.

29 1586 32 1602 ¹
266 1579 431 1612 Incitativa
458 1579 499 1611 ad
528 1579 757 1611 fortitudinem.

29 1652 32 1669 l

29 1700 226 1745 *fener-abili
251 1700 410 1739 domino
430 1705 590 1740 Lucan-0
611 1703 814 1754 episcopo,
843 1706 1022 1739 Bam-AR-

144 1775 230 1809 nus,
248 1762 289 1800 in
309 1762 394 1799 luce
411 1762 541 1799 vivere
561 1770 598 1799 et
615 1763 653 1799 in
673 1762 757 1799 luce
778 1762 888 1799 mori.

31 1831 34 1846 ι

31 1894 34 1905 “
73 1891 107 1931 l.
124 1891 270 1930 Positus
295 1891 385 1928 estis
404 1891 441 1928 in
469 1889 624 1928 sublimi
651 1891 756 1938 loco,
776 1900 811 1927 et
843 1904 940 1942 opus
969 1900 1025 1927 est

42 1950 168 1990 obtimi
186 1952 334 1998 animo,
355 1951 421 2002 qui
437 1965 507 1989 vos
527 1951 663 1989 doceat
681 1967 688 1988 :
706 1953 794 2002 quia
819 1952 998 1989 cathedra
1016 1981 1024 1998 ,

31 2012 131 2064 'mam
148 2013 344 2064 accepistis
358 2042 368 2058 ‚
386 2012 515 2050 oneris
529 2021 586 2050 est
599 2042 608 2060 ‚
629 2027 708 2050 non
730 2013 908 2057 honoris;
931 2026 1026 2063 ope—

20 2067 96 2122 ‘⁴·is,
111 2086 189 2112 uon
209 2073 395 2121 nominis;
415 2074 599 2110 virtutum
623 2073 813 2123 denique,
835 2086 912 2110 non
935 2072 1029 2109 divi-

33 2129 168 2173 tia-um.
200 2134 259 2172 Sic
289 2135 391 2172 enim
429 2134 481 2171 ait
513 2134 576 2171 illa
606 2134 768 2171 coelestis
803 2134 948 2179 fistula,
983 2133 1029 2169 ‹lc

34 2189 130 2253 :nius
156 2203 194 2232 et
211 2195 249 2232 in
272 2194 382 2245 cujus
402 2203 560 2245 pectore
580 2194 741 2232 verbum
760 2195 917 2232 Domini
938 2208 1029 2244 per—

21 2254 200 2294 ‘'mbat:
218 2257 366 2306 Siquis,
386 2256 532 2306 inquit,
554 2260 808 2305 episcopatum
828 2257 1027 2301 desiderat,

35 2315 155 2359 'bonnm
173 2330 266 2366 opus
283 2318 479 2353 desiderat
496 2323 524 2353 ¹.
551 2315 665 2366 Opus,
689 2330 767 2353 non
791 2317 1027 2365 (lignitatem.

36 2370 120 2426 lah
148 2389 237 2428 ergo
276 2390 432 2414 manum
474 2386 641 2414 vestram
676 2377 830 2414 misistis
865 2376 910 2413 ad
952 2377 1029 2412 for-

15 2455 17 2460 *
37 2434 206 2490 'iffi-opus
221 2446 278 2476 est
295 2437 407 2476 vobis
427 2438 652 2476 fortitudine
673 2453 681 2474 :
703 2439 792 2488 quia
813 2438 1032 2488 speculator

37 2494 155 2537 llo-ni
174 2499 290 2537 Israel
320 2499 440 2536 factus
457 2499 548 2536 estis
561 2528 571 2545 ‚
595 2512 693 2549 opus
713 2507 770 2535 est
798 2497 1000 2548 prudentia
1022 2513 1028 2533 :

38 2561 122 2609 ,ὔμμε
143 2567 199 2598 est
218 2573 332 2598 aurea
351 2560 613 2610 temperantiae
638 2559 924 2604 mediocritate,
944 2557 1033 2607 quia

16 2647 17 2650 η
39 2615 254 2670 *apientihus
269 2628 309 2658 et
325 2619 599 2670 insipientibus
620 2618 772 2656 debitor
789 2619 890 2655 estis.
909 2621 1030 2655 Porro
1048 2624 1081 2658 D

39 2680 71 2715 ’n
93 2680 463 2717 consummationem
493 2681 701 2725 virtutum,
726 2679 874 2729 justitia
903 2678 1035 2716 vestiri

40 2749 257 2792 'foooportet
267 2771 278 2789 ‚
292 2755 369 2792 qua
380 2742 590 2793 unicuique
606 2742 790 2779 reddetur
800 2740 906 2791 quod
920 2754 1030 2778 suum

41 2807 105 2848 δεῖ,
120 2799 266 2840 dicente
284 2803 481 2853 Scriptura
500 2818 509 2840 :
530 2804 751 2839 Sacerdotes
778 2806 832 2838 ίιιὶ
862 2803 1034 2837 induan-

41 2854 93 2897 fus·
106 2860 287 2908 justitiam
310 2869 337 2900 ².
365 2864 470 2902 Felix
503 2863 584 2900 haec
608 2862 813 2913 quadriga,
842 2870 880 2899 et
905 2862 1037 2911 auriga

42 2916 112 2970 'jus
127 2919 265 2967 ‘beatus
285 2938 294 2960 :
317 2924 383 2974 qui
406 2924 446 2961 in
473 2923 699 2961 humilitatis
725 2931 878 2960 temone
904 2922 1038 2973 praesi-

42 2965 143 3047 flens,
159 2982 343 3021 virtutum
364 2992 468 3022 rotas
488 2985 535 3022 ad
557 2984 715 3022 ductum
742 2993 780 3021 et
803 2983 1038 3020 conductum

43 3040 149 3105 'psius
167 3042 334 3081 inclinat.

87 3099 124 3139 2.
139 3103 339 3142 Humilitas
354 3105 541 3143 virtutum
563 3105 760 3156 magistra,
777 3105 977 3155 singularis
993 3105 1039 3140 fi-

45 3160 87 3198 ·ia
107 3164 245 3201 summi
268 3165 402 3216 Regis,
423 3180 445 3204 a
461 3180 612 3204 summo
630 3166 727 3204 coelo
748 3179 834 3203 cum
857 3166 1039 3202 coelorum

49 3221 200 3260 Domino
215 3223 449 3264 descendens
462 3256 472 3273 ‚
489 3228 528 3264 in
546 3226 763 3264 coelestibus
780 3227 916 3263 animis
929 3235 1041 3263 aeter-

46 3363 47 3394 3
90 3365 99 3381 ¹
118 3361 227 3394 1‘1'im.
249 3374 289 3394 m
306 3368 431 3401 ,1.--
448 3372 460 3388 ²
478 3368 561 3400 Psal.
583 3379 702 3405 cxxxi,
723 3372 754 3400 9.

1076 377 1118 405 ut
1138 370 1288 419 sapiens
1311 371 1360 406 ait
1374 399 1382 415 ,
1403 389 1416 401 α
1442 385 1602 407 erronea
1623 371 1800 408 diseretio
1825 381 1879 409 est
1899 388 1905 408 :
1927 373 2080 409 adversa

1077 447 1089 461 >i
1114 443 1183 480 per
1216 431 1480 467 fortitudinem
1513 445 1713 482 superare,
1738 440 1865 468 tacens
1895 433 2051 469 victoria
2075 448 2080 468 :

1077 488 1299 525 »illecebris
1328 502 1398 538 per
1425 490 1713 539 temperantiam
1747 491 1938 536 resistere,
1958 499 2081 528 temu-

1078 565 1091 579 ›·
1114 549 1214 584 lenta
1242 547 1427 585 sobrietas
1459 564 1465 585 :
1495 549 1676 600 operibus
1703 550 1857 598 justitia*
1888 550 2084 594 insistere,

1079 626 1092 639 ν
1117 609 1270 658 palliata
1305 608 1495 659 superbia.
1529 628 1543 642 υ
1573 610 1659 646 Sola
1687 619 1742 646 est
1778 610 1968 646 humilitas
2002 623 2086 659 quae,

1077 670 1237 707 virtutes
1254 669 1466 716 beatilicat,
1487 679 1524 706 et
1555 679 1741 720 perennat
1763 686 1770 706 z
1795 684 1880 720 quae
1899 671 1974 706 vim
2000 671 2086 707 facit

1078 743 1196 779 regno
1215 731 1418 777 coelorum,
1438 744 1523 780 quic
1545 731 1749 768 Dominum
1782 730 1986 779 majestatis
2012 730 2086 766 liu-

1079 792 1236 828 miliavit
1257 805 1378 841 usque
1396 791 1440 828 ad
1464 800 1645 837 mortem,
1669 800 1830 828 mortem
1853 799 1978 827 autem
1998 804 2086 826 cru—

1079 854 1144 890 cis.
1169 852 1335 889 Verbum
1359 853 1458 889 enim
1482 853 1550 890 Dei
1581 854 1618 889 in
1641 852 1792 889 sublimi
1815 852 2086 891 constitutum,

1079 924 1120 951 ut
1141 914 1187 951 ad
1210 928 1280 951 nos
1302 914 1569 959 d(··scen‹leret‚
1595 915 1700 964 prior
1727 914 1920 950 humilitas
1951 913 2089 949 invita-

1078 976 1152 1022 x·it;
1170 975 1307 1011 veritas
1321 1005 1329 1021 ‚
1348 989 1421 1025 qua
1444 989 1482 1011 se
1499 976 1727 1025 promiserat
1749 983 1950 1011 venturum
1963 1003 1971 1019 ,
1987 986 2089 1010 com-

1956 1049 1963 1070 :
1987 1034 2090 1070 salva

1082 1098 1246 1147 Virginis
1267 1098 1482 1147 integritate
1497 1126 1505 1142 ,
1526 1098 1697 1147 potentia
1719 1097 1874 1141 eduxit,
1904 1094 2090 1131 obedien-

1082 1159 1132 1195 tia
1147 1159 1184 1195 in
1201 1157 1380 1195 omnibus
1398 1158 1575 1203 deduxit,
1590 1157 1771 1207 patientia
1791 1156 1991 1201 animavit,
2007 1155 2092 1191 clia-

1083 1219 1172 1255 ritas
1202 1218 1328 1255 verbis
1359 1227 1395 1255 et
1424 1219 1616 1255 miraculis
1647 1217 1910 1254 manifestavit.
1942 1220 2033 1252 Haec
2053 1216 2090 1251 in

1084 1278 1200 1315 corde
1217 1278 1408 1328 pontilicis
1423 1279 1496 1315 alta
1510 1278 1634 1314 radice
1654 1277 1813 1314 radicari
1833 1276 1964 1319 debet,
1982 1284 2094 1325 atque

1085 1340 1235 1377 fundari
1259 1355 1266 1376 :
1295 1353 1370 1389 qua
1390 1339 1567 1384 cedente,
1588 1339 1711 1374 omnis
1733 1345 1946 1373 conventus
1972 1336 2096 1371 virtu-

1085 1410 1165 1438 tum
1188 1402 1247 1438 vel
1266 1400 1518 1451 opprimitur,
1541 1399 1600 1435 vel
1622 1398 1847 1435 succumbit.
1867 1400 1999 1433 Faetus
2014 1408 2096 1432 suin

1085 1462 1291 1513 insipiens,
1313 1475 1382 1498 vos
1412 1474 1470 1497 mc
1504 1459 1690 1509 coegistis,
1712 1462 1794 1496 ‹Non
1830 1466 1911 1494 erat
1943 1455 2096 1506 quidem

1088 1537 1215 1560 meum
1241 1523 1379 1560 docere
1402 1522 1627 1572 episcopum
1650 1535 1657 1556 :
1677 1519 1741 1556 sed
1763 1519 1925 1555 amicum
1962 1516 2099 1553 admo·

1090 1598 1198 1631 nere,
1222 1592 1259 1620 et
1286 1596 1412 1620 meum
1442 1590 1519 1628 est,
1552 1590 1589 1617 et
1616 1580 1786 1617 omnium
1812 1578 1877 1628 qui
1907 1585 2101 1614 noverunt

1089 1645 1288 1682 veritatem
1321 1642 1526 1681 charitatis.
1557 1641 1717 1690 Reliqua
1745 1638 1856 1675 vobis
1885 1637 2101 1674 eommunis

1091 1707 1191 1743 filius
1210 1706 1286 1743 illic
1315 1704 1466 1755 plenius
1487 1711 1524 1740 et
1552 1703 1704 1753 planius
1729 1701 1817 1737 viva
1834 1712 1929 1736 voce
1949 1699 2100 1735 referet.

1092 1771 1224 1818 Neque
1251 1767 1350 1804 enim
1382 1764 1518 1802 litteris
1545 1761 1881 1806 committendum,
1900 1759 2004 1809 quod
2034 1759 2103 1795 etsi

1041 1829 1068 1864 C
1089 1828 1277 1879 quosdam
1300 1828 1458 1872 docere,
1477 1823 1707 1875 quibusdam
1729 1831 1855 1859 tamen
1878 1833 2015 1856 nocere
2031 1832 2103 1869 po-

1093 1891 1236 1927 misser.

1093 2022 2108 2044 =====================================================================

1222 2158 1598 2217 EPISTOLA
1647 2148 1955 2214 CDLXIV'

1333 2316 1399 2338 snt?
1431 2315 1459 2338 S.
1492 2313 1684 2337 BERNARDl
1715 2310 1875 2333 CHARTA.

1098 2433 1291 2477 Compositio
1313 2432 1393 2463 sacta
1416 2431 1497 2462 inter
1515 2431 1681 2469 Hugonenn
1710 2424 1890 2467 episcopum
1908 2447 1915 2460 ,
1943 2428 1973 2453 et
1991 2420 2111 2453 Wiltel-

1310 2498 1398 2518 nunu
1416 2484 1561 2516 comitem
1581 2479 1895 2514 autissiodorensem.

1157 2616 1189 2650 1.
1212 2615 1257 2649 In
1277 2609 1433 2647 nomine
1456 2614 1594 2644 sanctae
1614 2612 1652 2641 et
1674 2600 1882 2640 individuae
1902 2598 2111 2635 Trinitatis2

1103 2679 1183 2724 Ego
1199 2670 1417 2710 Bernardus
1437 2665 1689 2707 Clarae-Vallis
1708 2670 1867 2699 vocatus
1887 2658 2016 2697 abbas.
2037 2661 2112 2697 Co-

1099 2736 1203 2786 gnita
1215 2763 1224 2780 ‚
1243 2745 1328 2783 quae
1349 2732 1449 2768 inter
1462 2733 1666 2778 Hugonem
1688 2725 1911 2775 episcopum
1925 2719 2113 2758 Autissio-

1102 2797 1304 2834 dorensem
1329 2801 1367 2829 et
1379 2790 1615 2829 W'illelmum
1637 2785 1814 2824 comitem
1836 2782 2110 2820 Nivcrnensem

1105 2863 1311 2895 emerserat
1343 2850 1534 2890 discordia
1566 2861 1636 2899 pro
1665 2843 1893 2896 quibusdam
1923 2839 2105 2891 querelis,

1106 2931 1191 2969 quae
1210 2918 1310 2954 inter
1330 2927 1396 2951 eos
1416 2910 1648 2962 agebantur,
1669 2903 1975 2944 Autissiodorum
2004 2899 2091 2937 veni
2105 2928 2114 2945 ‚

1107 2987 1144 3017 et
1157 2978 1241 3029 pari
1254 2974 1455 3013 amborum
1471 2982 1656 3008 consensu
1675 2975 1713 3004 et
1728 2965 1927 3002 voluntate
1942 2959 2115 3010 querelas

1106 3041 1190 3078 illas
1206 3037 1252 3075 ad
1270 3033 1516 3074 concordiam
1536 3030 1706 3068 redactas
1727 3025 1797 3063 feci
1826 3020 2021 3060 terminari
2044 3019 2116 3055 hoc

1109 3099 1237 3139 modo.
1259 3101 1304 3135 In
1331 3095 1448 3132 bosco
1462 3123 1471 3139 ‚
1493 3092 1559 3142 qui
1579 3089 1719 3126 dieitur
1737 3084 1893 3124 Brueria
1915 3078 2115 3130 Episcopi,

1109 3162 1249 3199 facient
1267 3155 1522 3195 communiter
1535 3151 1748 3201 Episcopus
1767 3154 1805 3182 et
1824 3147 1958 3181 Comes
1978 3139 2114 3182 haiam,

1111 3224 1327 3269 factamque
1359 3214 1616 3253 communiter
1645 3207 1859 3246 custodient
1893 3218 1899 3238 :
1936 3201 1985 3236 ita
2014 3195 2116 3246 quod

1212 3365 1225 3380 ⁷¹
1243 3357 1360 3399 Scripta
1389 3364 1470 3385 :uino
1487 3350 1599 3381 (ilii-isti
1622 3352 1631 3378 1
1648 3349 1720 3377 143.
