2565 3952
119 162 193 199 329
1037 171 1300 209 EPIfflOLE.
2138 194 2214 231 330

117 254 242 278 aurem
259 253 279 277 a
295 241 511 279 charissima
532 256 672 293 sponsa
692 258 777 291 sua,
801 259 887 283 cum
905 248 1128 286 clamaverit
1143 250 1189 268 '³⁵
1201 265 1341 301 genere
1356 253 1454 291 bene
1471 258 1615 307 agitur,
1635 260 1665 296 si
1682 260 1794 298 datur
1810 263 1883 299 frui
1904 278 1996 314 pace
2015 268 2100 315 Dei,
2120 283 2210 319 pace

115 310 214 339 stans
228 301 410 339 adversus
424 316 489 340 eos
507 305 573 354 qui
595 318 634 341 se
655 307 998 355 angustiaverunt?
1014 313 1099 347 Non
1117 325 1124 347 :
1143 318 1175 351 A
1196 326 1283 349 cum
1303 318 1404 361 Deo,
1431 324 1469 352 et
1488 317 1643 366 quidem
1664 320 1822 359 feliciter
1837 332 1875 360 et
1897 327 2204 367 misericorditer.

113 363 269 399 omnino
304 376 380 400 non
414 366 556 414 poterit
584 380 662 403 uon
688 368 821 405 audire
856 370 1123 420 plangentem,

113 427 236 459 Amici
255 429 328 460 mei
352 433 389 460 et
405 432 576 473 proxima
597 433 673 464 mei
694 431 885 466 adversum
905 445 964 466 me
985 446 1125 480 appro-

101 487 379 532 pinquaverunt
395 494 431 520 ct
447 495 623 523 steterunt
635 503 647 531 ‚·
664 497 700 523 et
716 493 908 536 quijuoela
923 505 981 526 me
998 502 1122 537 erant,

109 545 155 580 de
170 546 277 593 lunge
295 554 496 591 steterunt,
517 558 553 583 ec
569 553 646 584 m'm
669 547 868 596 finiebant
886 557 951 600 (sul
972 567 1123 601 (Jaoere—

109 603 197 640 bant
221 610 391 642 mamam
418 621 541 644 meam
565 616 588 644 ¹.
613 610 818 658 Quomodo
848 625 1014 662 namque
1040 627 1116 651 non

107 675 351 715 recognoscet
375 681 417 705 os
440 668 487 705 de
508 669 657 707 ossibus
687 671 785 718 suis,
818 681 856 709 et
884 687 1037 711 carnem
1071 675 1118 712 de

105 738 217 763 carne
230 739 298 764 sua
309 757 318 774 ,
334 727 412 765 imo
427 743 521 767 vero
531 730 612 779 jam
630 732 918 781 quodammodo
939 735 1117 785 spiritum

104 785 150 822 de
169 786 304 836 spiritu
324 801 394 825 suo
409 791 424 825 ?
442 791 558 838 Quasi
580 805 657 828 non
676 793 759 843 ipsa
788 794 835 830 sit
862 794 999 832 dilecta
1030 798 1115 845 illa,

103 845 210 896 cujus
233 850 455 900 concupivit
486 851 686 899 decorem,
717 853 826 904 cujus
858 856 1020 894 formam
1057 859 1117 895 in-

102 906 201 955 duit,
233 909 295 946 cui
327 923 366 948 se
401 912 565 950 mirabili
601 914 822 964 dignatione
857 918 968 955 castis
1002 928 1116 970 atque

100 968 308 1008 individuis
339 971 510 1011 devinxit
539 976 799 1025 amplexibus,
832 978 883 1015 ita
918 988 959 1016 ut
991 990 1116 1018 essent

1192 376 1368 420 Quonam
1389 389 1480 426 ergo
1499 379 1615 416 modo
1633 381 1745 418 stabit
1765 397 1838 433 pax
1855 385 2055 424 hominum
2077 403 2204 427 coram

1191 436 1293 480 Deo,
1325 436 1385 471 vel
1417 450 1504 474 cum
1534 442 1638 487 Deo,
1667 441 1696 477 si
1724 445 1806 479 Deo
1840 458 1919 480 non
1951 455 2076 496 potest
2101 451 2203 498 apud

1191 494 1366 533 homines
1381 510 1461 535 esse
1479 507 1559 536 tuta
1577 514 1644 538 sua
1661 503 1804 552 gloria?
1821 508 1851 542 Ο
1869 506 1973 542 stulti
1988 508 2052 544 filii
2067 510 2204 557 Adam,

1191 557 1257 606 qui
1279 567 1569 598 contemnentes
1591 576 1744 613 pacem,
1765 574 1802 602 et
1822 567 1984 615 gloriam
2020 579 2206 618 appeten—

1188 626 1265 663 tes,
1300 627 1338 655 et
1368 634 1501 670 pacem
1532 624 1721 672 perdunt,
1759 635 1796 662 et
1829 628 2011 676 gloriam!
2046 630 2104 667 Ob
2131 631 2203 667 hoc

1186 678 1353 730 denique
1375 690 1412 718 et
1433 695 1536 719 nunc
1553 687 1657 721 Deus
1677 686 1868 724 ultionum
1893 691 2104 726 commovit
2125 699 2201 727 ter-

1185 753 1286 788 ram,
1310 750 1348 778 et
1374 743 1621 781 conturbavit
1640 759 1722 783 eam
1746 762 1753 783 :
1777 749 1944 785 ostendit
1964 751 2111 800 populo
2132 764 2202 788 suo

1185 801 1300 849 dura,
1320 805 1469 854 potavit
1489 819 1559 842 nos
1578 807 1670 844 vino
1688 810 2012 859 compunctionis.

1239 864 1273 899 8.
1310 865 1480 903 Velimus
1495 895 1504 913 ,
1542 867 1730 915 nolimus,
1770 870 1921 920 impleri
1969 872 2201 923 quandoque

1183 937 1337 962 necesse
1358 935 1413 964 est
1440 928 1639 966 veritatem
1671 932 1834 981 Spiritus
1867 933 2009 979 sancti,
2041 935 2199 984 fierique

1182 984 1284 1020 illam
1308 999 1394 1035 quae
1418 988 1645 1038 prophetico
1668 991 1804 1041 spiritu
1828 995 2086 1042 praenuntiata
2107 995 2200 1045 legi-

100 1029 176 1068 duo
195 1031 233 1068 in
255 1045 369 1070 carne
390 1047 486 1082 una3
506 1049 626 1073 unum
647 1037 686 1073 in
706 1051 785 1074 uno
816 1039 955 1090 spiritu
988 1055 1113 1090 quan—
1135 1042 1163 1076 B
1182 1052 1244 1080 tur
1263 1044 1302 1081 in
1327 1047 1532 1097 Scripturis
1549 1048 1728 1087 discessio
1745 1051 1758 1077 4
1776 1066 1782 1087 :
1800 1052 1866 1088 scd
1887 1066 1944 1089 vae
1963 1053 2111 1090 homini
2129 1068 2199 1105 per

99 1090 224 1141 doque
245 1093 386 1131 futuri?
416 1098 512 1132 Nam
543 1096 612 1133 etsi
645 1109 878 1148 cognoverat
900 1102 1112 1139 secundum

97 1164 249 1189 carnem
271 1153 463 1192 Christum
477 1185 486 1202 ,
506 1155 571 1193 sed
594 1157 778 1207 tuncjam
809 1173 888 1196 non
921 1174 1112 1211 recogno-

96 1220 202 1250 scet:
235 1215 323 1264 quia
357 1216 514 1266 spiritus
543 1226 631 1254 ante
663 1219 795 1256 faciem
827 1220 908 1270 ejus
941 1222 1112 1261 Christus

94 1274 304 1322 Dominus,
326 1277 386 1312 cui
404 1277 603 1315 adhaerens
619 1292 718 1316 unus
733 1281 889 1330 spiritus
908 1283 1000 1330 erit,
1023 1298 1110 1321 cum

95 1333 277 1385 absorpta
295 1346 420 1374 morte
440 1338 479 1374 in
503 1339 686 1385 victoria,
709 1341 814 1390 quod
843 1342 1041 1381 infirmum
1063 1345 1111 1382 de

95 1408 207 1432 carne
238 1404 316 1444 est,
340 1398 380 1434 in
400 1398 541 1435 virtute
563 1400 720 1450 spiritus
741 1403 999 1451 convaluerim
1023 1419 1110 1443 cum

94 1454 309 1493 exhibuerit
335 1471 418 1494 eam
446 1457 518 1495 sibi
542 1462 715 1510 Sponsus
743 1462 876 1512 gloriae
903 1464 1109 1513 gloriosam

94 1516 309 1555 columbam
339 1532 470 1567 suam,
493 1522 703 1571 perfectam
733 1536 863 1570 suam,
900 1526 1109 1564 formosam

93 1591 220 1624 suam,
242 1592 320 1616 non
346 1580 550 1619 habentem
578 1585 767 1622 maculam
789 1587 956 1636 peccati,
983 1601 1109 1638 neque

91 1652 221 1689 rugam
241 1643 522 1693 corruptionis,
543 1655 608 1681 aut
627 1646 770 1696 aliquid
791 1647 1025 1697 hujusmodi.

146 1701 179 1738 7.
197 1705 296 1739 Dum
319 1702 485 1742 libenter
506 1706 544 1742 in
562 1706 619 1744 his
647 1707 855 1755 immoror,
875 1722 974 1759 pene
992 1711 1109 1761 coepti

90 1761 291 1800 immemor
329 1765 450 1803 factus
496 1780 600 1814 sum,
636 1769 689 1805 ita
719 1770 880 1820 cupiens
918 1773 1108 1811 redimere

1180 1118 1294 1154 quem
1317 1108 1434 1144 venit.
1460 1109 1596 1147 Melius
1618 1120 1699 1148 erat
1719 1112 1771 1158 ei,
1790 1113 1819 1149 si
1838 1123 1950 1151 natus
1968 1128 2047 1151 non
2067 1116 2199 1152 suisset

1179 1165 1296 1203 homo
1329 1168 1403 1205 ille.
1436 1171 1528 1217 Quis
1559 1185 1651 1208 vero
1684 1173 1771 1219 ille,
1802 1174 1873 1211 nisi
1905 1175 2022 1212 homo
2052 1177 2199 1227 peccati

1178 1227 1245 1276 qui
1278 1241 1394 1278 super
1421 1232 1585 1268 electum
1606 1247 1626 1269 a
1654 1234 1850 1271 catholicis
1870 1237 2133 1286 {catholicum
2159 1248 2197 1276 et

1179 1290 1383 1335 canonice,
1401 1290 1527 1328 locum
1546 1301 1721 1330 sanctum
1739 1294 1877 1331 invasit
1890 1324 1900 1340 ,
1921 1310 2035 1346 quem
2055 1306 2196 1345 tamen,

1179 1360 1258 1383 non
1280 1349 1369 1398 quia
1390 1360 1564 1398 sanctus,
1588 1353 1654 1390 sed
1675 1354 1764 1403 quia
1785 1368 1958 1393 summus
1991 1367 2070 1405 est,
2105 1361 2198 1396 affe—

1179 1409 1320 1445 ctavit?
1340 1412 1508 1458 Invasit,
1540 1413 1720 1464 inquam,
1745 1415 1885 1454 invasit
1912 1419 2049 1465 armis,
2083 1421 2169 1470 igne
2185 1450 2196 1467 ,

1176 1472 1362 1519 pecunia,
1395 1486 1475 1510 non
1498 1474 1584 1512 vitae
1606 1477 1744 1513 merito
1769 1479 1827 1514 vel
1851 1479 2035 1517 virtutum
2068 1497 2075 1518 2
2104 1496 2196 1532 per—

1177 1532 1284 1568 venit
1303 1533 1342 1569 in
1363 1548 1441 1583 quo
1462 1543 1558 1582 stat,
1580 1545 1618 1573 et
1635 1545 1708 1574 stat
1723 1538 1761 1574 in
1784 1552 1861 1588 quo
1883 1542 2072 1589 pervenit.
2101 1545 2195 1580 Nam

1176 1591 1239 1628 illa
1253 1607 1367 1642 quam
1381 1595 1502 1645 jactat
1514 1596 1734 1646 juratorum
1752 1613 1910 1637 suorum
1923 1630 1932 1647 ,
1950 1615 2029 1638 non
2047 1603 2196 1651 electio,

1177 1653 1242 1690 sed
1265 1655 1376 1692 factio
1392 1686 1400 1701 ,
1428 1657 1566 1695 umbra
1588 1667 1736 1697 tantum
1761 1661 1852 1708 fuit,
1884 1671 1921 1698 et
1951 1664 2122 1710 occasio,
2159 1675 2197 1702 et

1175 1715 1439 1754 velamentum
1468 1719 1633 1757 malitiae.
1668 1721 1752 1758 Dici
1783 1731 1911 1771 potest
1941 1724 2098 1771 electio,
2130 1726 2196 1762 sed

1176 1775 1447 1826 impudenter,
1473 1780 1538 1816 sed
1556 1781 1804 1819 mendacitcr.
1836 1786 1915 1820 Stat
1933 1786 2077 1836 quippe
2109 1800 2193 1823 sen-

91 1830 259 1873 tempus‚
282 1826 466 1875 quoniam
498 1827 578 1865 dies
602 1830 691 1866 mali
721 1839 821 1867 sunt.
847 1833 1105 1871 Excedentem
1129 1835 1155 1869 C
1178 1837 1296 1874 tentia
1316 1840 1571 1878 ecclesiastica
1592 1850 1630 1878 et
1650 1843 1891 1891 authentica,
1921 1855 2007 1895 post
2031 1847 2196 1896 primam

90 1883 241 1922 devotio
256 1885 378 1933 levat,
399 1888 467 1925 sed
488 1899 643 1927 revocat
664 1891 767 1929 zelus
790 1907 797 1929 ε
817 1901 855 1929 et
876 1893 940 1931 ubi
959 1896 1104 1945 rapior,

89 1943 141 1982 ibi
173 1954 210 1983 et
245 1960 364 1997 cogor
411 1950 605 1997 recidere,
641 1961 678 1989 et
713 1954 896 2004 plangere
930 1955 1105 1994 dolorem

89 2017 226 2043 meum.
258 2008 387 2045 Audet
417 2009 550 2061 (quod
580 2021 618 2049 et
647 2012 742 2050 flens
778 2014 892 2066 dico)
927 2016 1105 2055 inimicus

66 2067 206 2116 *crucis
226 2068 364 2106 Christi
389 2071 466 2108 suis
487 2071 642 2110 sedibus
668 2075 813 2125 pellere
842 2086 1013 2125 sanctos,
1039 2081 1104 2129 qui

88 2128 222 2165 nolunt
243 2129 404 2168 bestiam
423 2132 585 2171 adorare
599 2163 608 2181 ,
632 2148 717 2185 quae
738 2138 890 2186 aperuit
918 2152 960 2175 os
990 2153 1101 2177 suum

87 2187 125 2225 in
149 2187 424 2241 blasphemias,
465 2193 733 2246 blasphemare
764 2211 908 2235 nomen
939 2200 1030 2246 Dei,
1066 2210 1103 2239 et

87 2247 370 2290 tabernaculum
394 2253 478 2304 ejus
500 2262 525 2293 2.
549 2258 679 2295 Altare
712 2268 847 2297 contra
878 2261 996 2298 altare
1027 2263 1103 2299 eri-

86 2302 171 2360 gere
203 2320 342 2361 tentat,
376 2317 614 2356 confundere
647 2320 779 2370 fasque
810 2322 994 2372 nefasque
1022 2337 1100 2361 non

85 2372 342 2412 confunditur.
363 2376 533 2416 Abbates
553 2378 774 2428 abbatibus,
793 2382 998 2433 episcopos
1018 2383 1100 2434 epi-

85 2433 206 2483 scopis
242 2437 560 2487 superintrudere
598 2441 783 2490 nititur*;
824 2457 1004 2481 amovere
1035 2458 1100 2482 ca-

86 2491 263 2541 tholicos,
303 2488 564 2537 schismaticos
614 2515 858 2552 promovere.
894 2505 1023 2542 Miseri
1061 2514 1100 2542 et

85 2555 309 2603 miserandi,
326 2559 392 2607 qui
412 2559 462 2596 ita
483 2563 730 2610 promoveri,
752 2572 790 2600 et
812 2563 859 2600 ab
879 2565 976 2611 isto,
1002 2579 1097 2603 con-

1176 1897 1401 1936 electionem
1423 1914 1499 1938 non
1521 1916 1602 1939 esse
1631 1904 1848 1941 secundam.
1873 1905 2069 1943 Celebrata
2101 1922 2192 1958 pro-

1175 1957 1264 1995 inde
1281 1960 1427 2009 prima,
1447 1976 1531 2011 quae
1553 1964 1722 2001 secundo
1748 1976 1983 2017 praesumpta
2003 1978 2082 2015 est,
2115 1983 2194 2007 non

1174 2028 1230 2055 est
1258 2022 1446 2068 secunda,
1480 2023 1545 2060 sed
1577 2026 1694 2062 nulla.
1724 2029 1819 2063 Nam
1850 2029 1918 2064 etsi
1948 2030 2041 2079 quid
2066 2031 2193 2068 minus

1173 2078 1270 2116 forte
1302 2081 1547 2128 solemniter,
1584 2084 1761 2122 minusve
1793 2086 2060 2126 ordinabiliter
2100 2103 2193 2140 pro-

1172 2140 1284 2176 cessit
1311 2141 1351 2177 in
1379 2155 1423 2178 ea
1449 2156 1535 2192 quae
1564 2146 1778 2194 praecessit,
1809 2155 1850 2183 ut
1881 2148 2009 2185 hostes
2038 2150 2193 2187 unitatis

1171 2201 1431 2249 contendunt,
1471 2206 1660 2255 numquid
1692 2215 1819 2244 tamen
1850 2210 2032 2258 praesumi
2075 2212 2192 2248 altera

1171 2259 1324 2308 debuit,
1348 2263 1419 2300 nisi
1445 2277 1535 2302 sane
1557 2267 1688 2316 priore
1711 2268 1818 2317 prius
1839 2269 2007 2307 discussa
2027 2272 2190 2319 ratione,

1169 2322 1494 2372 cassatajudicio?
1509 2330 1726 2377 Eapropter
1742 2329 1807 2378 qui
1826 2343 1864 2366 se
1882 2344 1999 2381 super
2014 2331 2188 2381 ingerere

1168 2381 1372 2430 festinant,
1394 2385 1539 2435 quique
1562 2389 1764 2425 temerario
1793 2398 1935 2427 temere
1956 2405 2092 2429 manus
2117 2393 2191 2430 im—

1166 2456 1312 2493 ponere
1345 2446 1597 2486 nihilominus
1628 2450 1961 2499 acceleraverunt,
1996 2455 2185 2504 Apostolo

1166 2504 1416 2553 prohibente,
1457 2510 1614 2546 Nemsm·
1653 2515 1725 2546 cito
1760 2524 1913 2548 manum
1953 2518 2127 2562 imponas
2151 2514 2182 2538 ⁵·

2174 2545 2184 2562 9

1165 2563 1239 2614 ipsi
1257 2567 1391 2614 procul
1411 2566 1531 2604 dubio
1556 2568 1680 2618 majus
1697 2579 1897 2619 peccatum
1919 2571 2062 2609 habent
2078 2602 2088 2619 ,
2111 2574 2184 2624 ipsi

84 2615 260 2653 sentiunt.
293 2619 487 2669 Siquidem
515 2623 650 2660 cir-cuit
672 2638 776 2661 mare
799 2633 836 2662 et
856 2625 1001 2663 aridam
1020 2656 1029 2673 ,
1055 2636 1097 2664 ut
1116 2631 1149 2665 D
1167 2634 1342 2663 auctores
1359 2627 1573 2666 schismatis
1588 2659 1597 2676 ,
1619 2631 1691 2680 ipsi
1710 2631 1864 2680 grandis
1891 2633 2040 2669 malitiae
2068 2634 2184 2684 hujus

84 2672 192 2712 faciat
211 2690 332 2716 unum
362 2681 587 2733 episcopum
607 2699 615 2721 ε
638 2693 675 2721 et
698 2698 785 2722 cum
819 2686 972 2733 fecerit,
1008 2688 1097 2725 facit

84 2746 168 2772 eum
197 2737 316 2776 filium
344 2742 528 2791 gehennae
551 2744 671 2796 duplo
693 2760 808 2796 quam
836 2760 887 2784 se.
910 2751 1095 2795 Quaenam

82 2806 172 2833 vero
200 2807 311 2848 putas
343 2811 399 2838 est
435 2805 529 2841 tanti
565 2820 677 2843 causa
708 2807 874 2844 furoris?
909 2812 994 2845 Non
1027 2810 1098 2846 alia

83 2867 189 2903 sane,
222 2859 291 2897 nisi
325 2863 430 2912 quod
464 2864 639 2915 displicet
672 2867 899 2905 mortalibus
926 2871 1096 2919 angelica

82 2913 144 2952 illa
167 2919 343 2968 partitio,
377 2936 452 2972 qua
480 2926 600 2975 gloria
635 2931 738 2974 Deo,
771 2942 847 2978 pax
875 2929 1095 2967 hominibus

82 2978 292 3028 nuntiatum
315 2991 353 3019 et
373 2983 465 3022 dum
496 2986 657 3036 gloriam
690 2998 903 3039 usurpant,
938 2990 1096 3026 turbant

81 3047 222 3085 pacem.
254 3043 365 3080 Solus
388 3046 547 3095 gloriam
579 3057 768 3096 meretur,
804 3051 869 3099 qui
903 3051 993 3088 facit
1026 3052 1097 3087 mi-

82 3095 212 3136 rabilia
238 3102 362 3150 solus,
392 3098 491 3143 sicut
516 3107 607 3144 dicit
641 3110 853 3159 Apostolus
877 3125 884 3147 :
908 3112 986 3147 Soli
1015 3113 1094 3146 Deo

82 3155 197 3195 honor
222 3170 258 3197 et
283 3165 407 3211 glorla
445 3164 472 3204 3.
507 3171 629 3206 Porro
663 3178 793 3207 autem
837 3184 923 3207 cum
960 3179 1094 3208 nostro

1165 2685 1361 2736 principes
1380 2690 1572 2727 exstitere.

1219 2747 1255 2783 9.
1285 2750 1472 2786 Caeterum
1499 2764 1602 2788 nunc
1623 2751 1812 2801 judicium
1837 2763 2047 2804 expetunt,
2080 2757 2185 2806 quod

1165 2816 1256 2844 ante
1276 2819 1516 2859 exspectasse
1532 2818 1546 2833 ὃ
1568 2811 1805 2850 debuerant:
1824 2823 1861 2851 et
1878 2828 1991 2864 quam
2015 2829 2084 2852 suo
2100 2817 2184 2854 loco

1165 2867 1331 2906 oblatam
1360 2879 1583 2919 tenuerant,
1608 2873 1761 2911 tandem
1778 2872 1966 2923 justitiam
1993 2876 2183 2923 offerunt,

1166 2938 1208 2966 ut
1226 2929 1404 2968 videlicet
1426 2933 1456 2969 si
1483 2943 1695 2981 recusetur,
1711 2934 1806 2984 justi
1823 2937 1840 2953 *
1860 2950 1926 2973 vos
1947 2937 2153 2974 videamini
2175 2954 2182 2974 ;

1164 2990 1195 3027 si
1225 2991 1448 3040 recipiatur,
1491 2995 1727 3044 litigantibus
1766 2997 1867 3034 inter
1908 3011 1947 3034 se
1986 2997 2180 3048 partibus,

1165 3050 1297 3087 dilatio
1318 3053 1481 3091 redimat
1500 3064 1674 3106 tempus,
1697 3065 1734 3093 et
1750 3058 1901 3094 interim
1930 3059 1995 3094 fiat
2023 3058 2179 3107 aliquid.

1164 3115 1224 3148 An
1254 3111 1301 3149 de
1331 3124 1459 3152 vestra
1487 3115 1635 3164 justitia
1662 3118 1896 3168 desperatis,
1922 3126 1958 3154 et
2000 3118 2180 3154 damnum

1159 3171 1239 3221 jam
1268 3187 1439 3213 crescere
1470 3190 1548 3214 non
1581 3178 1737 3226 timetis,
1764 3192 2046 3228 quemcumque
2073 3191 2183 3214 causa

131 3292 140 3308 ¹
161 3290 556 3335 Psa1.xxxvn‚12,'13.
573 3317 618 3322 —
637 3304 651 3321 2
668 3302 771 3343 Apoc.
787 3312 869 3341 xm,
889 3305 921 3334 6.
941 3320 986 3333 Ἴ
1007 3300 1021 3325 3
1039 3305 1054 3333 Ι
1073 3302 1155 3334 Tim.
1175 3314 1204 3341 x,
1234 3307 1284 3336 17.
1301 3324 1347 3329 ⁵—-
1366 3306 1380 3332 4
1396 3309 1427 3339 Π
1441 3305 1551 3338 Thess.
1571 3318 1616 3345 11,
1635 3310 1725 3340 3.-
1741 3305 1784 3340 5Ι
1801 3307 1941 3342 1im.v‚
1965 3309 2019 3337 22.

127 3348 141 3363 “
160 3348 266 3388 Alias,
286 3354 463 3397 expetiisse.

243 3424 333 3447 TUM.
367 3427 393 3448 1.

2012 3423 2076 3460 11*
