2533 3920
344 217 415 254 107

1106 213 1141 248 S.
1174 211 1426 247 BERNARDI
1456 210 1656 245 ABBATIS

2346 203 2418 240 108

341 303 460 331 retur.
490 296 715 342 Quanquam
737 289 897 327 dubium
924 302 1000 326 non
1021 288 1091 333 sit,
1116 288 1345 338 promissum
1371 286 1384 304 ⁴
1414 300 1482 322 cur
1502 285 1660 330 abieris,
1690 297 1758 320 cur
1783 282 1964 320 Ordinem
1991 291 2098 319 tuum
2118 283 2148 329 *‚
2172 296 2240 319 cur
2262 283 2418 329 fratres,

340 354 448 391 illum
468 353 600 397 fuisse,
629 364 707 388 non
737 351 918 387 donatum
936 350 965 386 *.
988 352 1063 386 Nec
1086 349 1187 385 enim
1213 347 1345 397 petitio
1364 347 1394 380 A
1413 360 1481 383 cur
1511 346 1664 391 locum,
1700 357 1767 380 cur
1799 356 1878 388 me,
1913 343 1979 391 qui
2008 351 2046 379 et
2079 342 2146 379 tibi
2182 343 2422 392 propinquus

342 426 456 463 quam
472 411 619 461 Regula
639 410 834 460 praecipit,
857 422 928 459 pro
956 421 1002 445 eo
1029 408 1125 444 facta
1145 407 1213 444 fuit
1233 420 1254 443 a
1275 420 1345 456 pa-

343 472 541 519 rentibus;
568 484 637 507 nec
661 483 795 507 manus
819 470 918 507 illius
940 481 1026 505 cum
1055 468 1135 516 ipsa
1160 466 1348 516 petitione

345 533 517 570 involuta
538 531 638 582 palla
665 531 810 575 altaris,
832 538 875 566 ut
903 530 955 566 sic
983 529 1188 565 offerretur
1219 538 1347 562 coram

345 593 515 630 testibus.
533 591 757 631 Ostenditur
770 590 908 627 deinde
923 597 1022 626 terra
1035 616 1044 634 ,
1065 600 1149 637 quae
1166 599 1250 623 cum
1265 586 1347 631 illo,

344 662 382 690 ct
401 667 474 703 pro
494 653 559 689 illo
577 652 714 688 dicitur
734 651 820 687 data
842 649 967 686 fuisse.
997 648 1070 687 Sed
1090 648 1120 684 si
1141 660 1225 684 cum
1250 654 1350 682 terra

347 727 434 750 eum
460 719 710 762 receperunt,
742 723 810 747 cur
838 722 916 746 non
948 716 986 745 et
1012 721 1096 745 cum
1132 715 1232 743 terra
1262 718 1350 741 eum

345 773 607 810 retinuerunt?
626 776 685 808 An
703 770 800 806 forte
821 767 1067 818 requirebant
1086 766 1204 816 magis
1221 765 1350 802 datum

345 846 459 882 quam
494 833 657 868 fructum
678 859 687 876 ,
725 838 762 866 et
794 829 915 878 pluris
951 828 1131 864 aestimata
1163 833 1218 862 est
1252 833 1352 861 terra

347 905 461 941 quam
492 891 647 928 anima?
689 888 869 937 Alioquin
906 886 1056 923 oblatus
1094 883 1325 922 monasterio
1340 911 1350 928 ‚

349 951 441 1002 quid
461 949 656 1000 quaerebat
669 949 706 985 in
731 948 893 984 saeculo?
913 945 1141 983 nutriendus
1160 948 1258 989 Deo,
1282 955 1352 979 cur

348 1012 544 1062 expositus
561 1019 640 1047 erat
658 1008 833 1045 diabolo?
851 1008 940 1045 Ovis
959 1006 1094 1044 Christi
1110 1019 1178 1042 cur
1197 1005 1352 1040 inventa

348 1080 403 1108 est
432 1079 562 1120 patere
592 1068 782 1106 morsibus
807 1067 916 1116 lupi?
940 1071 997 1103 De
1024 1065 1163 1103 saeculo
1184 1064 1351 1113 quippe,

348 1144 426 1167 non
452 1130 498 1167 de
516 1129 695 1167 Cluniaco
708 1157 718 1171 ,
741 1137 776 1164 te
798 1135 910 1172 teste,
930 1126 1117 1171 Roberte‚
1142 1123 1275 1161 venisti
1295 1122 1354 1160 Ci-
1371 1124 1401 1159 B

349 1191 540 1227 stercium.
570 1188 766 1237 Quaesisti,
797 1186 944 1237 petisti,
978 1185 1161 1236 pulsasti;
1189 1183 1253 1221 sed
1281 1196 1353 1234 pro

350 1250 401 1286 tui
422 1248 544 1286 adhuc
569 1247 842 1294 teneritudine,
864 1254 900 1283 te
930 1246 1019 1282 licet
1046 1245 1166 1282 invito
1185 1274 1194 1292 ‚
1218 1244 1355 1280 dilatus

349 1324 389 1347 es
418 1324 487 1360 per
513 1308 724 1346 biennium.
756 1310 842 1355 Quo
876 1315 1050 1356 tempore
1078 1306 1267 1355 patienter
1287 1316 1356 1340 ex-

349 1372 452 1421 pleto
468 1399 478 1417 ,
500 1378 538 1407 et
559 1369 701 1418 absque
723 1367 936 1411 calumnia,
969 1366 1042 1402 tuis
1063 1365 1215 1401 demum
1236 1362 1358 1414 preci-

350 1431 440 1477 bus,
473 1430 676 1478 multisque
707 1428 761 1480 (si
793 1425 1026 1477 meministi)
1058 1425 1257 1474 lacrymis,
1293 1424 1357 1461 diu

351 1498 605 1541 exspectatam
624 1487 833 1538 impetrasti
850 1485 1171 1531 misericordiam
1189 1493 1227 1521 et
1243 1497 1357 1533 quem

352 1552 440 1588 satis
460 1549 742 1586 desideraveras
771 1547 1007 1595 ingressum,
1035 1544 1244 1582 obtinuisti.
1271 1547 1360 1580 Post

352 1611 431 1647 liaee
447 1623 516 1659 per
531 1621 673 1645 annum
687 1606 798 1656 juxta
814 1606 999 1654 Regulam
1013 1612 1022 1626 ¹
1040 1605 1078 1641 in
1095 1605 1199 1640 omui
1216 1604 1360 1653 patien-

354 1671 403 1706 tia
417 1669 621 1720 probatus,
638 1674 929 1718 perseveranter
949 1673 986 1701 et
1003 1665 1083 1701 sine
1101 1664 1255 1715 querela
1272 1676 1360 1700 con-

355 1739 547 1776 versatus,
570 1737 656 1779 post
677 1740 817 1764 annum
850 1734 987 1775 sponte
1014 1725 1232 1775 professus;
1269 1732 1359 1760 tunc

354 1791 520 1841 primum
537 1788 708 1826 saeculari
730 1795 833 1823 veste
853 1784 1011 1834 rejecta,
1032 1785 1224 1834 religionis
1250 1783 1360 1821 habi-

356 1860 435 1887 tum
454 1849 650 1900 suscepisti
665 1849 692 1884 *.

1413 419 1548 451 carne,
1572 414 1608 441 et
1629 403 1886 454 propinquior
1906 403 2043 453 spiritu
2069 416 2173 448 sum,
2197 402 2421 440 deserueris.

1414 466 1451 503 Si
1468 474 1510 501 ut
1526 465 1665 501 arctius
1679 493 1689 510 ,
1710 472 1752 500 ut
1769 462 1908 499 rectius
1923 491 1933 508 ,
1954 470 1996 498 ut
2016 463 2222 512 perfectius
2245 462 2422 508 viveres;

1415 538 1570 562 securus
1598 532 1701 570 esto,
1722 523 1810 572 quia
1840 535 1918 558 non
1938 531 2041 559 retro
2064 523 2245 573 aspexisti
2271 537 2279 559 :
2302 522 2369 560 sed
2385 531 2424 559 et

1414 585 1577 635 gloriare
1593 597 1678 620 cum
1691 583 1876 633 Apostolo
1888 582 2030 630 dicens,
2048 584 2145 630 Quoe
2158 592 2254 619 retro
2270 582 2422 628 oblitus,

1416 654 1451 680 ct
1465 645 1518 679 ad
1529 657 1574 679 ea
1587 657 1678 691 qnae
1690 651 1779 678 ame
1797 651 1883 678 sunt
1904 651 2092 689 extentus,
2112 656 2249 691 sequor
2261 645 2316 678 ad
2329 645 2425 692 pal-

1417 718 1517 740 mam
1531 706 1668 752 glorioe
1680 710 1704 738 7.
1724 703 1787 740 Sin
1810 703 1922 748 alias,
1945 703 2024 740 noli
2040 703 2159 740 altum
2180 715 2313 753 sapere
2326 731 2336 748 ,
2359 701 2426 739 sed

1418 763 1531 801 time8
1564 777 1572 799 :
1600 763 1804 813 quoniam,
1829 772 1870 800 ut
1899 777 1986 800 cum
2015 764 2128 800 venia
2159 764 2213 801 tui
2238 763 2424 808 dixerim,

1417 822 1605 874 quidquid
1627 822 1695 859 tibi
1715 823 1878 873 amplius
1901 822 2077 873 indulges
2096 824 2135 860 in
2160 823 2284 869 victu,
2307 822 2427 859 vesti-

1413 884 1536 932 ‘tuque
1553 882 1750 932 superfluo
1765 911 1774 928 ‚
1794 882 1834 918 in
1849 881 1976 920 verbis
1994 883 2148 930 otiosis,
2169 884 2208 920 in
2227 883 2428 932 vagatione

1418 942 1613 980 licentiosa
1629 950 1666 978 et
1686 942 1854 988 curiosa,
1872 956 1986 992 quarn
2005 942 2184 980 videlicet
2200 942 2426 993 promisisti,

1419 1016 1532 1052 quam
1551 1001 1652 1052 apud
1671 1014 1740 1038 nos
1755 1002 1928 1048 tenuisti3
1946 1002 2019 1038 hoc
2036 1003 2172 1052 procul
2190 1001 2309 1039 dubio
2325 1010 2429 1038 retro

1420 1062 1589 1111 aspicere
1620 1069 1698 1107 est,
1729 1062 1971 1111 praevaricari
1996 1070 2075 1109 est,
2094 1070 2310 1113 apostatare
2329 1070 2386 1099 est
2398 1061 2426 1098 *.

1477 1121 1535 1158 10.
1558 1124 1605 1157 Et
1625 1120 1703 1157 haec
1724 1121 1830 1166 dico,
1852 1121 1927 1168 fili,
1953 1134 2030 1157 non
2056 1130 2098 1158 ut
2119 1130 2156 1158 te
2176 1121 2431 1167 confundam,

1419 1181 1485 1219 sed
1514 1190 1554 1218 ut
1575 1190 1754 1231 tanquam
1783 1181 1904 1217 filium
1934 1181 2196 1218 charissimum
2223 1194 2399 1218 moneam
2422 1195 2430 1217 :

1421 1241 1510 1291 quia
1530 1242 1598 1278 etsi
1617 1241 1757 1278 multos
1779 1239 1918 1277 habeas
1941 1240 1980 1276 in
2008 1240 2157 1278 Christo
2184 1240 2432 1291 paedagogos,

1423 1301 1489 1339 sed
1519 1315 1598 1338 non
1628 1301 1766 1338 multos
1799 1309 1927 1350 patres
1939 1307 1966 1338 9.
1996 1304 2090 1338 Nam
2123 1301 2153 1338 si
2187 1300 2375 1350 dignaris,
2397 1308 2436 1336 et

1423 1360 1562 1407 verbo,
1597 1369 1635 1397 et
1665 1360 1842 1410 exemplo
1876 1372 1962 1396 meo
1988 1360 2026 1396 in
2058 1360 2279 1410 religionem
2306 1373 2377 1410 ego
2399 1368 2435 1396 te

1424 1420 1550 1470 genui.
1582 1418 1733 1457 Nutrivi
1767 1418 1905 1455 deinde
1931 1419 2046 1465 lacte,
2078 1418 2183 1469 quod
2213 1419 2336 1456 solum
2364 1418 2434 1455 ad-

1425 1480 1499 1516 huc
1527 1480 1712 1530 parvulus
1746 1492 1881 1529 capere
1914 1487 2092 1529 poteras;
2125 1479 2283 1516 daturus
2313 1487 2351 1516 et
2371 1492 2438 1529 pa-

1426 1554 1512 1577 nem
1526 1570 1536 1587 ,
1559 1540 1589 1577 si
1609 1548 1848 1589 exspectares
1868 1547 1910 1575 ut
1935 1539 2216 1587 grandesceres.
2240 1539 2312 1576 Sed
2336 1539 2435 1576 heu!

1426 1614 1540 1651 quam
1576 1613 1823 1651 praepropere
1860 1609 1898 1637 et
1926 1600 2196 1650 intempestive
2227 1600 2438 1637 ablactatus

1427 1663 1486 1698 es!
1516 1665 1561 1698 Et
1589 1674 1726 1698 vereor
1754 1674 1802 1697 ne
1838 1668 1959 1696 totum
1993 1660 2098 1709 quod
2127 1661 2299 1698 foveram
2326 1660 2437 1697 blan—

1427 1720 1626 1766 dimentis,
1664 1720 1936 1757 roboraveram
1971 1719 2321 1766 adhortationibus,
2355 1733 2439 1756 ora-

1429 1781 1596 1819 tionibus
1632 1780 1908 1826 solidavcram3
1941 1779 2177 1830 jamjamque
2210 1788 2437 1826 evanescat,

1429 1841 1601 1887 deficiat,
1638 1849 1769 1891 pereat
1789 1856 1798 1886 3
1827 1849 1865 1876 et
1902 1840 2050 1889 lugeam
2086 1840 2213 1886 miser,
2247 1853 2326 1876 non
2363 1847 2438 1875 tam

410 1913 445 1948 9.
479 1915 511 1950 O
531 1911 718 1947 insensate
740 1910 854 1959 puer!
875 1907 960 1956 quis
990 1915 1026 1943 te
1055 1905 1250 1942 fascinavit
1282 1917 1361 1941 non
1382 1908 1409 1944 C
1430 1902 1522 1939 cassi
1553 1901 1694 1938 laboris
1722 1901 1904 1937 damnum
1919 1929 1928 1945 ,
1949 1913 2062 1949 quam
2089 1899 2277 1937 damnatae
2297 1898 2441 1937 sobolis

356 1972 504 2009 solvere
524 1979 614 2007 vota
640 1978 722 2016 tua,
751 1981 836 2018 quae
869 1967 1127 2004 distinxerunt
1152 1965 1251 2002 labia
1273 1966 1363 2001 tua?

358 2039 498 2069 Annon
519 2031 578 2067 vel
599 2044 644 2068 ex
665 2043 731 2066 ore
754 2037 819 2066 tuo
841 2026 1108 2076 justificaberis
1125 2056 1134 2073 ‚
1153 2027 1212 2062 vel
1233 2039 1279 2062 ex
1297 2037 1364 2062 ore

359 2102 425 2129 tuo
446 2090 786 2129 condemnaberis?
807 2088 907 2137 Quid
927 2088 973 2124 de
994 2088 1162 2138 parentis
1180 2095 1272 2123 voto
1292 2086 1365 2123 sol-

361 2154 482 2190 licitus
503 2166 563 2199 es,
588 2152 779 2201 negligens
806 2150 881 2197 tui3
906 2162 991 2186 cum
1017 2162 1065 2185 ex
1088 2161 1154 2185 ore
1176 2155 1241 2184 tuo
1257 2175 1266 2191 ‚
1285 2159 1363 2183 nou

361 2214 484 2258 illius,
521 2212 661 2249 habeas
687 2210 881 2260 judicari3
919 2218 1092 2254 tuorum,
1121 2220 1200 2244 non
1235 2207 1361 2251 illius,

360 2282 448 2310 vota
468 2272 656 2309 labiorum
677 2270 884 2319 exigendus
905 2269 978 2305 sis?
1006 2271 1053 2305 Et
1073 2267 1165 2317 quid
1197 2266 1266 2303 tibi
1287 2267 1366 2302 fru-

359 2343 434 2370 stra
455 2332 644 2382 quispiam
669 2330 864 2367 blanditur
883 2329 930 2366 de
950 2328 1190 2366 absolutione
1210 2335 1367 2378 aposto-

363 2394 455 2438 lica,
486 2391 595 2441 cujus
621 2390 892 2428 conscientiam
925 2389 1053 2425 divina
1082 2388 1233 2437 ligatam
1265 2394 1369 2424 tenet

365 2453 574 2490 sententia?
594 2453 728 2496 Nemo,
747 2451 890 2500 inquit,
914 2454 1062 2486 mittens
1083 2462 1236 2484 manum
1258 2461 1366 2483 suam

363 2516 416 2549 ατί
441 2521 625 2556 aratrum,
647 2520 683 2548 ec
705 2515 908 2560 respiciens
927 2519 1038 2554 retro,
1060 2517 1168 2557 aptus
1185 2517 1238 2544 est
1258 2521 1368 2556 regno

364 2578 436 2610 Dei
452 2580 476 2610 ².
510 2570 703 2621 'Numquid
727 2579 765 2608 et
784 2570 856 2606 hoc
875 2567 1162 2620 persuadebunt
1190 2580 1268 2604 non
1288 2579 1368 2603 esse

367 2643 468 2670 retro
484 2633 689 2682 respicere,
713 2630 778 2679 qui
802 2629 932 2668 dicunt
953 2627 1021 2665 tibi
1043 2643 1050 2664 :
1075 2631 1201 2676 Euge,
1225 2623 1371 2674 eugeff?

1431 1962 1686 1999 miserabilem
1717 1974 1858 1998 casum.
1893 1961 2071 1998 Placetne
2107 1959 2176 1996 tibi
2205 1959 2312 2010 quod
2345 1959 2441 1996 alius

1430 2036 1532 2060 nunc
1560 2022 1745 2072 glorietur
1776 2021 1822 2058 de
1856 2030 1916 2066 te,
1944 2020 2010 2070 qui
2039 2020 2133 2056 nihil
2167 2020 2300 2069 utique
2331 2017 2442 2056 labo-

1431 2083 1528 2118 ravit
1564 2082 1602 2118 in
1645 2083 1709 2117 te?
1743 2081 1872 2119 Simile
1911 2080 2003 2116 mihi
2041 2080 2226 2129 contigit,
2263 2078 2369 2129 quod
2405 2086 2443 2115 et

1430 2143 1485 2179 illi
1521 2141 1711 2178 meretrici
1739 2140 1842 2191 apud
1877 2141 2151 2178 Salomonem:
2176 2139 2236 2177 cui
2265 2138 2443 2176 videlicet

1431 2202 1614 2252 parvulus
1647 2214 1737 2238 suus
1766 2200 1814 2237 ab
1844 2201 1979 2246 altera,
1999 2213 2084 2250 quae
2115 2212 2226 2236 suum
2252 2212 2272 2236 a
2302 2212 2341 2236 se
2372 2212 2443 2248 op-

1433 2275 1606 2313 pressum
1626 2262 1879 2307 exstinxerat,
1905 2261 2033 2297 furtim
2055 2259 2228 2297 sublatus
2255 2265 2366 2296 est¹⁰.
2385 2262 2443 2296 Tu

1433 2336 1587 2372 quoque
1623 2322 1669 2358 de
1702 2322 1786 2358 sinu
1816 2321 1929 2367 mihi,
1965 2329 2002 2357 et
2033 2329 2143 2358 utero
2176 2319 2362 2357 abscissus
2390 2332 2442 2356 es.

1434 2381 1615 2418 Ablatum
1635 2394 1768 2430 gemo,
1790 2388 1922 2429 repeto
1943 2378 2131 2415 violenter
2152 2379 2338 2415 avulsum.
2359 2381 2445 2415 Non

1434 2453 1592 2491 possum
1623 2439 1797 2476 oblivisci
1826 2438 1972 2475 viscera
2004 2451 2107 2483 mea3
2135 2450 2299 2487 quorum
2332 2435 2446 2473 nimi-

1436 2515 1521 2539 rum
1558 2508 1666 2551 parte
1698 2499 1867 2536 detracta
1896 2512 1973 2535 non
2006 2498 2175 2544 modica,
2207 2511 2285 2535 non
2320 2504 2446 2547 potest

1436 2560 1507 2597 nisi
1546 2559 1716 2608 torqueri
1747 2572 1836 2608 pars
1874 2557 2033 2607 reliqua.

1495 2621 1553 2656 ll.
1575 2623 1845 2656 Verumtamen
1865 2631 1942 2667 quo
1965 2626 2030 2654 tuo
2052 2617 2277 2664 commodo,
2294 2631 2370 2667 qua
2391 2617 2446 2654 tui

363 2693 514 2738 filiole,
534 2692 564 2728 si
580 2699 615 2727 te
635 2689 861 2727 lactaverint
879 2696 1096 2738 peccatores
1111 2715 1120 2732 ‚
1147 2699 1195 2722 ne
1223 2685 1372 2734 acquie-
1388 2689 1422 2722 D
1438 2681 1659 2717 necessitate
1681 2680 1753 2717 hoc
1776 2679 1886 2716 nobis
1913 2679 2034 2716 moliti
2058 2686 2147 2716 sunt
2171 2679 2283 2716 amici
2302 2679 2449 2716 nostri?

365 2765 444 2788 scas
462 2751 514 2788 eis
528 2751 554 2787 ⁴'.
577 2750 663 2788 Noli
689 2748 843 2786 credere
861 2748 967 2784 omni
991 2746 1138 2796 spiritui
1159 2744 1184 2783 ⁵.
1202 2746 1282 2784 Sint
1304 2744 1371 2781 tibi

366 2811 474 2848 multi
491 2809 691 2846 necessarii
706 2837 715 2855 ,
734 2821 832 2844 unus
846 2815 972 2844 autem
987 2807 1034 2842 sit
1050 2805 1119 2842 sibi
1135 2805 1371 2842 consiliarius

367 2871 415 2907 de
447 2870 547 2907 mille
572 2869 600 2906 5.
634 2868 740 2906 Tolle
775 2866 994 2904 occasiones
1008 2894 1018 2912 ,
1046 2878 1183 2915 respue
1219 2863 1372 2900 blandi-

369 2939 518 2975 menta,
547 2927 828 2966 adulationibus
854 2926 987 2963 claude
1021 2938 1156 2970 aures,
1190 2932 1225 2960 tc
1255 2924 1373 2960 inter-

370 3004 461 3041 roga
478 2989 526 3027 de
545 2998 579 3026 te
596 3018 605 3034 ,
637 2988 726 3038 quia
748 2997 787 3024 tu
807 2996 842 3024 te
860 2987 993 3023 melius
1014 2985 1112 3022 nosti
1133 2998 1245 3034 quam
1264 2985 1371 3021 alius.

369 3050 533 3089 Attende
560 3063 626 3086 cor
651 3057 781 3093 tuum,
810 3047 955 3083 discute
980 3045 1260 3089 intentionem,
1280 3058 1373 3080 con·

369 3110 449 3148 sule
471 3110 665 3146 veritatem
684 3122 692 3144 :
709 3116 772 3144 tua
790 3106 857 3143 tibi
875 3105 1106 3143 conscientia
1128 3103 1372 3154 respondeat,

1437 2755 1602 2791 quorum
1625 2754 1759 2777 manus
1779 2740 1962 2789 sanguine
1979 2740 2102 2790 plenae
2118 2746 2262 2785 sunt'¹‚
2280 2753 2448 2789 quorum

1438 2802 1602 2838 animam
1636 2814 1757 2836 meam
1788 2800 2030 2850 pertransivit
2055 2799 2260 2849 gladius¹²,
2282 2812 2450 2849 quorum

1439 2861 1571 2898 dentes
1604 2874 1708 2897 arma
1736 2869 1773 2896 et
1793 2861 1956 2909 sagittae,
1984 2868 2021 2897 et
2043 2860 2172 2908 lingua
2201 2872 2335 2896 eorum
2366 2859 2449 2908 gla-

1439 2921 1525 2957 dius
1553 2929 1687 2957 acutus
1704 2919 1744 2956 ¹3.
1772 2923 1865 2957 Nam
1899 2921 2030 2970 utique
2059 2919 2173 2966 mihi,
2195 2919 2224 2956 si
2250 2919 2289 2955 in
2320 2918 2450 2968 aliquo

1439 2994 1608 3030 unquam
1642 2993 1707 3017 cos
1743 2979 1980 3017 offenderam
2018 2979 2153 3030 (quod
2193 2979 2324 3028 utique
2357 2977 2450 3015 mihi

1441 3041 1615 3080 conscius
1649 3052 1726 3077 non
1763 3038 1896 3091 sum),
1922 3040 2074 3089 plenam
2112 3051 2287 3089 prorsus·
2310 3051 2450 3088 repen·-

1441 3102 1530 3139 dere
1562 3101 1695 3137 vicem.
1732 3100 1871 3136 Mirum
1902 3112 1994 3136 vero
2031 3099 2060 3136 si
2091 3111 2170 3136 non
2192 3098 2279 3149 plus
2310 3098 2451 3135 talione

420 3244 431 3260 ¹
450 3242 528 3279 Reg.
548 3239 579 3268 S.
610 3234 790 3272 Benedicti,
821 3244 912 3276 capp.
938 3235 998 3269 58,
1024 3235 1079 3263 59.
1102 3249 1146 3253 —
1174 3237 1185 3252 ²
1209 3235 1282 3262 Luc.
1310 3243 1365 3267 tx.
1390 3234 1446 3262 02.
1464 3247 1507 3252 -—
1530 3226 1544 3249 3
1563 3229 1643 3260 l‘sal.
1664 3238 1787 3265 xxxix,
1811 3230 1861 3258 16.
1890 3244 1934 3248 —
1950 3226 2073 3257 &Pi—ov.
2100 3237 2131 3261 1.
2156 3228 2210 3257 10.
2228 3223 2300 3248 -5
2318 3228 2334 3257 I
2353 3227 2448 3258 Joau.

371 3304 417 3330 xv,
444 3294 474 3322 1,
491 3309 534 3313 ——
551 3287 566 3311 6
584 3288 677 3321 Eccli.
693 3300 748 3325 vx,
769 3292 859 3319 6.-
879 3293 892 3316 7
915 3285 1051 3327 Philipp.
1071 3295 1127 3320 111,
1148 3287 1199 3315 13.
1224 3303 1266 3307 m—
1288 3282 1301 3305 ³
1324 3287 1415 3315 Rom.
1439 3295 1494 3322 xi,
1523 3289 1575 3317 20.
1594 3304 1633 3308 Λ
1655 3291 1671 3315 9
1690 3288 1701 3316 Ι
1721 3285 1793 3316 Cor.
1820 3295 1865 3322 iv,
1889 3285 1942 3314 14.
1967 3284 2219 3324 -10111Reg.
2245 3293 2302 3320 111,
2329 3286 2382 3316 20.
2405 3301 2449 3306 -—

373 3345 720 3381 1¹12ai.1,1.·›;ux‚
737 3345 879 3373 3.--1Ξ
895 3342 968 3371 Luc.
987 3350 1028 3375 11,
1052 3341 1108 3368 3.).
1139 3358 1154 3359 ἡ
1188 3335 1464 3374 ’3Ρ5111.1.νι,ξι.
