2517 3920
368 152 442 189 807

1137 152 1172 187 s.
1203 152 1459 186 BERNARDI
1486 148 1690 185 ABBATIS
2371 156 2443 194 303
2470 133 2473 211 Ι·

366 232 528 278 semina,
552 229 653 267 unde
675 229 870 280 spinarum
898 227 1134 276 surgentium
1157 241 1291 277 graves
1314 226 1618 277 in-⁵⁹⁴proserre
1639 234 1676 262 et
1703 237 1881 261 enarrare
1910 226 2188 275 praesumebam
2217 242 2286 278 per
2305 243 2346 268 os
2365 235 2443 283 pol·
2470 265 2472 271 ‚

370 301 535 330 trorsum
565 289 773 327 sentiebam
796 288 966 334 aculeos,
990 287 1037 324 ad
1058 301 1189 324 auram
1220 287 1375 337 quidem
1394 288 1425 321 A
1443 287 1566 323 lutum
1602 295 1639 322 et
1674 286 1849 322 dolosum
1866 315 1876 331 ,
1911 286 2034 323 sciens
2069 289 2278 326 Dominum
2312 291 2444 332 dixisse
2470 320 2471 356 1

373 367 500 391 rerum
530 351 696 389 exterius
719 350 933 387 auditarum
957 349 1015 384 vel
1045 348 1209 385 visarum
1236 347 1380 384 excita-

370 423 439 451 tos.
463 418 569 463 Saepe
590 413 716 461 itaque
735 419 772 448 et
793 411 830 446 in
852 423 993 455 mensa,
1016 418 1053 445 et
1073 418 1178 445 extra
1195 422 1378 453 mensam,

371 476 529 512 silenter
558 472 728 523 legebam
760 472 798 507 in
833 484 927 507 auro
959 478 995 506 et
1023 478 1201 519 argento,
1233 468 1271 504 in
1304 477 1379 504 tam

371 537 537 587 pretiosa
561 547 674 584 quam
708 532 879 582 speciosa
906 531 1041 567 domus
1066 530 1293 580 episcopalis
1321 542 1381 565 su-

371 596 572 647 pellectilc.

427 658 461 694 4.
499 654 689 705 Legebam
716 653 827 689 etiam
858 652 894 688 in
922 650 1115 701 plerisque
1151 649 1234 685 aliis
1267 646 1381 684 rebus

373 718 526 763 mundi,
559 728 652 765 quas
679 714 726 751 ad
757 711 1109 762 concupiscendum
1131 708 1381 747 intuebantur

375 778 575 830 praedones
596 775 696 812 oculi
725 774 819 818 mei,
852 772 1119 809 mandatorum
1157 771 1226 806 Dei
1255 779 1379 806 trans—

372 850 576 889 gressores
596 834 784 883 Legebam
813 841 939 869 autem
958 832 1009 867 sic
1031 846 1039 867 :
1063 835 1195 875 Petre,
1220 843 1303 879 quae
1325 830 1381 866 in-

374 900 491 937 tueris
510 927 518 943 ,
550 897 589 932 in
617 894 756 944 quibus
782 893 922 943 gaudes
941 921 949 937 ‚
979 893 1039 929 vel
1064 891 1230 941 gaudere
1260 903 1382 940 appe—

375 962 438 1006 tis,
470 958 516 995 (le
552 955 698 993 mundo
729 962 830 990 sunt.
858 953 939 989 Erit
966 953 1082 1002 igitur
1107 951 1262 1002 quando
1303 965 1381 988 non

1446 346 1640 396 peccatori
1665 361 1672 382 :
1701 347 1827 392 Quare
1846 354 1883 381 ιιι
1907 360 2066 382 enarras
2077 352 2248 392 justitias
2272 363 2394 397 meas,
2413 365 2446 392 ee
2470 371 2471 384 ÷

1446 410 1604 441 assumis
1623 414 1884 441 testamentum
1911 420 2031 441 meum
2044 420 2118 454 per
2135 421 2174 443 os
2192 417 2291 445 Ῑιιιιηι
2311 416 2321 431 ¹
2335 412 2350 447 ἓ
2364 414 2445 452 Haec
2470 417 2471 452 l

1447 465 1579 502 eadem
1602 466 1754 514 eloquia
1780 465 1909 502 divina
1926 494 1934 510 ,
1959 466 1989 502 si
2017 466 2249 517 quandoque
2268 483 2445 519 quacum-
2469 463 2471 477 ⁴

1447 539 1521 574 que
1543 526 1614 562 alia
1631 525 1677 562 de
1699 539 1822 572 causa,
1844 534 1984 576 praeter
2001 527 2125 563 solum
2145 528 2216 564 Dei
2233 542 2397 569 amorem
2410 543 2447 571 et

1448 585 1650 630 honorem,
1674 585 1836 635 legendo
1852 587 1912 622 vel
1934 587 2138 633 cautando,
2160 590 2445 638 pronuntiarem

1447 646 1485 682 in
1513 646 1692 692 ecclesia3
1734 660 1794 683 me
1826 645 1991 683 sciebam
2018 647 2225 686 certissime
2261 643 2470 704 sacrilegiov

1447 706 1616 755 alligari,
1657 706 1723 755 qui
1755 706 1899 743 cultum
1935 710 2017 743 Deo
2045 706 2216 745 debitum
2247 710 2470 752 offerebam*

1447 766 1617 802 vanitati.
1647 770 1732 803 Non
1766 779 1869 803 eram
1899 767 2014 816 igitur
2045 780 2178 805 servus
2197 768 2346 818 Christi,
2366 784 2447 812 mm

1447 826 1535 862 hinc
1557 826 1658 863 dicat
1682 827 1892 877 Apostolus
1906 856 1916 874 ,
1947 830 1988 864 Si
2008 828 2215 865 hominibus
2235 833 2421 879 placerem
2435 863 2447 880 ,
2468 874 2470 880 y

1453 888 1588 923 Christi
1601 902 1722 923 servus
1738 902 1814 924 non
1832 902 1946 924 essem
1966 895 1978 910 ²
1996 904 2003 925 :
2021 889 2108 926 hinc
2126 890 2316 941 propheta
2328 921 2339 939 ,
2354 896 2450 932 Deus
2467 881 2470 909 ¹

1450 961 1534 984 osset
1553 962 1678 984 eorum
1703 948 1916 998 dissipabit,
1936 954 2004 998 qul⁴
2028 950 2241 987 hominibus
2253 955 2406 1000 placent
2420 953 2448 994 3.
2466 941 2469 948 A

371 1028 483 1058 erunt
506 1031 513 1053 ε
537 1026 575 1053 tu
597 1024 722 1052 autem
738 1014 823 1050 eris.
842 1012 918 1051 [bi
937 1013 1024 1059 eris,
1044 1014 1178 1050 Petre?
1196 1011 1382 1062 siquidem
1403 1015 1432 1049 Β
1452 1012 1559 1059 Saepe
1579 1023 1673 1046 vero
1699 1018 1741 1046 ut
1761 1010 1952 1060 placerem
1984 1010 2204 1048 hominibus
2218 1040 2227 1057 ,
2247 1012 2324 1050 sive
2342 1015 2448 1063 mihi,
2465 1049 2469 1057 ,

373 1090 413 1117 tu
446 1077 611 1128 injurius
642 1075 764 1112 crucis
790 1073 952 1118 Christi,
989 1073 1028 1109 in
1061 1086 1134 1122 qua
1165 1072 1245 1109 sola
1271 1071 1386 1121 glori-

371 1139 513 1177 andum
534 1150 612 1174 non
633 1134 807 1184 ambigis,
830 1134 868 1170 in
891 1133 1095 1170 mundanis
1116 1132 1271 1183 gloriari
1289 1146 1386 1169 con—

373 1199 557 1250 cupiscis,
582 1204 708 1233 certus
736 1204 862 1232 tamen
894 1193 998 1244 quod
1028 1208 1113 1230 cum
1151 1208 1218 1230 sua
1242 1207 1387 1231 concu-

373 1259 558 1312 piscentia
594 1256 764 1307 quotidie
793 1254 993 1306 pereundo
1031 1254 1166 1291 transit
1196 1254 1384 1300 mundus,

373 1331 411 1359 et
449 1322 591 1365 homo,
620 1331 705 1355 cum
735 1316 942 1361 interierit,
974 1329 1053 1352 non
1081 1324 1205 1352 sumet
1235 1315 1386 1362 onmia,

374 1395 499 1432 neque
525 1393 611 1417 cum
646 1392 691 1415 eo
723 1376 927 1413 descendet
961 1377 1082 1425 gloria
1114 1375 1207 1425 ejus.
1246 1379 1383 1420 Petre,

373 1444 476 1480 illam
510 1440 633 1477 carnis
669 1438 836 1474 tunicam
867 1437 1110 1481 vilissimam,
1143 1450 1257 1486 quam
1294 1436 1387 1472 tanti

375 1503 478 1547 facis,
504 1510 546 1537 ut
564 1513 635 1550 pro
661 1497 742 1548 ejus
761 1510 850 1533 cura
871 1505 908 1533 et
929 1496 1140 1542 desideriis,
1164 1510 1242 1533 non
1264 1496 1387 1533 solum

377 1564 454 1608 tui,
492 1561 557 1598 sed
590 1558 727 1611 (quod
767 1557 888 1607 majus
927 1565 965 1593 et
1004 1557 1276 1594 exsecrabilius
1311 1557 1390 1607 est)

376 1622 613 1661 obliviscaris
629 1621 741 1657 etiam
766 1620 855 1664 Dei;
875 1620 995 1655 multo
1017 1619 1140 1655 adhuc
1159 1619 1333 1655 viliorem
1352 1619 1392 1654 in

370 1684 481 1721 brevi
516 1683 708 1731 relinques
726 1679 944 1725 vermibus,
974 1688 1010 1715 et
1027 1679 1238 1729 putredini.
1257 1683 1300 1716 In
1321 1679 1393 1715 lioc

379 1758 469 1795 ergo
501 1743 556 1780 tui
588 1742 714 1785 exitu,
746 1740 855 1789 cujus
888 1741 1021 1776 horam
1056 1741 1200 1786 nescis,
1223 1740 1390 1777 nudatus

1452 1082 1531 1105 non
1553 1073 1633 1106 Deo
1650 1099 1659 1116 ,
1689 1083 1773 1106 mea
1793 1079 1875 1107 erat
1893 1071 2175 1121 praecordialis,
2194 1080 2252 1119 et,
2274 1081 2316 1110 ut
2334 1076 2450 1115 verius
2466 1077 2469 1084 ’

1454 1129 1590 1176 dicam,
1616 1131 1842 1168 vecordialis
1858 1132 2035 1170 intentio.
2465 1167 2468 1194 1

1509 1192 1544 1227 6.
1572 1194 1651 1241 Ego
1677 1192 1805 1242 itaque
1830 1205 1962 1230 servus
1989 1206 2177 1243 nequam,
2208 1194 2342 1243 utquid
2359 1224 2369 1242 ,
2395 1198 2467 1236 vel‘

1454 1265 1529 1301 qua
1551 1252 1677 1289 fronte
1698 1253 1735 1289 in
1753 1266 1845 1302 agro
1874 1253 1945 1290 Dei
1968 1262 2105 1291 terram
2128 1254 2374 1305 occupabam,
2391 1258 2450 1308 qui

1454 1325 1587 1349 revera
1608 1313 1715 1349 radix
1735 1326 1877 1358 amara,
1901 1314 2003 1350 utilis
2024 1314 2138 1361 nulli,
2157 1327 2270 1364 quam
2291 1315 2467 1366 pluribus

1454 1371 1621 1419 inutilis,
1656 1372 1722 1409 sed
1743 1373 1920 1410 inutilior
1940 1374 2056 1421 mihi,
2088 1375 2238 1411 nullum
2264 1375 2333 1413 nisi
2356 1389 2466 1416 ama-J

1456 1432 1636 1470 ritudiuis
1670 1434 1835 1470 fructum
1877 1433 2177 1484 germinabam?
2216 1435 2327 1483 Quod
2360 1427 2465 1475 enim¹

1456 1493 1677 1531 viventibus
1709 1493 1929 1545 exemplum
1949 1524 1959 1541 ‚
1994 1496 2055 1532 vel
2091 1495 2196 1545 quod
2226 1509 2298 1546 pro
2325 1496 2465 1536 defun-⁴

1459 1555 1526 1591 ctis
1550 1555 1745 1592 solvebam
1765 1556 1992 1593 sacrificium
2009 1584 2019 1602 ‚
2048 1555 2095 1593 de
2115 1569 2280 1606 quorum
2304 1557 2454 1596 victimis

1460 1616 1709 1653 comedebam
1732 1616 1882 1666 adipes,
1908 1624 1946 1652 et
1967 1615 2149 1653 bibebam
2166 1617 2295 1653 vinum
2313 1617 2465 1656 libami-'

1462 1678 1584 1713 num?
1610 1680 1751 1714 Rerum
1781 1675 1970 1726 siquidem
2000 1677 2192 1724 eeclesiae,
2227 1675 2464 1729 quocumque}

1463 1750 1522 1773 me
1554 1737 1741 1774 velamine
1761 1737 1957 1786 palliarem
1973 1765 1982 1782 ,
2009 1736 2203 1774 detractor
2224 1745 2261 1774 et
2279 1729 2469 1794 praedatorf',

379 1806 503 1842 carnis
522 1803 661 1848 tunica,
680 1815 756 1851 quo
776 1800 980 1850 migrabis?
999 1801 1059 1837 cui
1077 1803 1282 1838 occurres?
1298 1801 1391 1851 quid
1411 1805 1437 1840 C
1458 1811 1581 1845 eram,
1613 1807 1649 1835 et
1674 1811 1867 1848 expensor
1900 1811 2032 1834 earum
2062 1798 2101 1834 in
2134 1796 2248 1835 rebus
2274 1798 2406 1848 pravis.
2427 1801 2468 1851 02⁷·

379 1863 658 1915 respondebis?
690 1861 756 1898 ubi
777 1862 890 1898 etiam
910 1862 1107 1911 reponeris
1121 1891 1130 1908 ,
1160 1862 1284 1898 donec
1307 1862 1395 1899 red-

380 1939 442 1962 eas
472 1925 518 1961 ad
538 1924 735 1960 tunicam?
762 1921 903 1959 redibis
925 1923 1047 1968 enim,
1077 1931 1113 1958 et
1135 1923 1256 1972 ipsam
1285 1936 1396 1959 eam-

378 1986 467 2022 dem
486 1997 575 2021 vcre
598 1985 735 2020 iterum
754 1982 924 2019 indueris
944 1997 950 2019 :
977 1992 1014 2019 et
1029 1996 1202 2033 resurges
1224 1983 1394 2033 quidem,

380 2047 507 2084 autin
533 2046 648 2082 vitani
685 2053 722 2080 et
753 2044 934 2093 gaudium
958 2073 967 2090 ,
996 2053 1060 2081 aut
1094 2045 1133 2080 in
1165 2054 1327 2082 mortem
1358 2053 1396 2081 et

380 2108 523 2144 luctum
540 2122 548 2152 3
568 2106 759 2142 ethorum
779 2118 856 2141 non
877 2106 948 2141 erit
970 2105 1064 2141 linis.

439 2169 473 2204 5.
511 2170 542 2204 O
571 2166 706 2202 dilecte
739 2165 812 2211 mi,
843 2166 923 2202 haec
945 2175 1026 2202 erat
1048 2166 1185 2212 lectio,
1208 2180 1322 2216 quam
1344 2167 1395 2203 si—

383 2229 505 2264 lenter
524 2235 562 2262 et
586 2226 808 2276 frequenter
834 2224 1049 2275 relegebam
1076 2226 1114 2262 in
1141 2226 1266 2263 cordis
1288 2226 1396 2263 cubi-

383 2289 469 2325 culo
489 2303 496 2324 :
520 2294 556 2324 et
582 2287 749 2337 praefatae
769 2286 1038 2336 inquisitiones
1069 2288 1263 2324 multoties
1284 2288 1398 2338 spiri-

385 2358 464 2385 tum
487 2360 615 2384 meum
635 2360 731 2397 pene
759 2346 806 2383 ab
834 2347 939 2383 omni
961 2346 1232 2396 disjungebant
1254 2348 1395 2385 laetitia.

382 2414 459 2447 Nee
486 2409 638 2445 mirum.
666 2411 726 2444 Me
754 2407 895 2444 etenim
926 2407 1110 2457 arguebat
1139 2408 1369 2445 conscientia
1386 2438 1396 2456 ‚

383 2468 487 2518 quod
509 2468 546 2503 in
579 2466 757 2503 omnibus
775 2467 845 2503 viis
869 2467 962 2504 meis
980 2467 1026 2504 de
1047 2476 1180 2505 nostro
1205 2469 1399 2505 Salvatore

384 2542 510 2565 meum
529 2528 610 2564 fieri
626 2527 889 2564 damnatorem
907 2541 1166 2578 promererer,
1183 2540 1269 2566 cum
1287 2530 1399 2566 etiam

1462 1873 1576 1909 quam
1600 1873 1718 1910 prava
1743 1864 1904 1910 Deoque
1926 1859 2079 1896 odibilis
2099 1859 2180 1896 haec
2201 1872 2284 1896 mea
2307 1872 2462 1910 perver-¹

1462 1921 1550 1958 sitas
1570 1923 1577 1957 ἔ
1601 1921 1806 1958 Audieram
1824 1921 1925 1957 enim
1946 1919 2100 1957 beatum
2119 1920 2311 1971 scripsisse
2329 1920 2457 1958 Hiero-

1462 1994 1621 2030 nymum
1657 1996 1664 2018 :
1695 1998 1709 2014 «
1738 1981 1982 2030 Quicumque
2017 1979 2132 2017 rebus
2163 1980 2338 2018 Ecclesiae
2370 1974 2461 2031 abu-4¹

1464 2058 1478 2074 »
1502 2050 1634 2078 [untur
1668 2042 1708 2078 in
1748 2041 1830 2078 aliis
1865 2040 2005 2087 rebuS‚
2039 2049 2240 2091 peccatum
2268 2041 2461 2078 incurrunt

1463 2120 1478 2136 ³>
1499 2102 1770 2140 redimentium
1788 2101 2051 2149 mendacium,
2077 2109 2114 2138 et
2136 2115 2290 2139 reorum
2314 2101 2456 2152 sangui-
2475 2130 2485 2131 „

1464 2182 1477 2196 υ
1501 2164 1558 2200 nis
1575 2163 1794 2201 Salvatoris.
1818 2180 1833 2196 υ
1853 2163 1951 2212 Quia
1970 2163 2087 2213 igitur
2109 2171 2184 2200 tam
2202 2163 2240 2200 in
2261 2163 2337 2211 his,
2355 2175 2424 2213 qua
2457 2156 2461 2163 ’

1463 2225 1501 2261 in
1522 2225 1602 2262 aliis
1621 2224 1771 2271 multis,
1795 2237 1883 2261 reus
1905 2237 2007 2260 eram
2028 2222 2223 2261 abusionis
2242 2233 2280 2261 et
2306 2223 2460 2275 rapinaej

1464 2299 1565 2336 saepe
1598 2299 1685 2322 cum
1720 2285 1767 2322 ad
1801 2298 1913 2322 aures
1943 2298 2045 2322 meas
2073 2285 2271 2322 insonaret
2298 2282 2456 2336 Apostoli

1464 2346 1529 2382 illa
1550 2359 1642 2382 vera
1674 2354 1711 2382 et
1742 2345 1912 2382 timenda
1937 2345 2176 2396 propositio,
2204 2347 2382 2395 Raptor-es
2411 2357 2459 2389 νο,

1463 2421 1577 2456 gnum
1596 2410 1666 2443 Dee·
1678 2420 1754 2442 non
1769 2406 2058 2456 possidebunt&
2077 2406 2116 2443 in
2130 2406 2246 2444 corde
2267 2419 2349 2444 meo
2363 2417 2454 2456 quas·

1468 2467 1760 2518 respondendo,
1786 2466 2051 2504 murmurabat
2069 2468 2133 2504 illa
2161 2468 2276 2518 plena
2307 2465 2457 2519 timoris,

1468 2528 1579 2578 plena
1609 2528 1773 2574 doloris,
1803 2537 1840 2564 et
1859 2528 2022 2578 pudoris
2054 2528 2226 2566 Festinata
2249 2526 2457 2573 conclusioe

383 2590 423 2627 in
452 2590 529 2635 his,
551 2602 636 2638 quae
657 2588 703 2624 ad
725 2589 869 2625 cultum
892 2588 974 2637 ejus
995 2589 1252 2638 pertinerent,
1274 2590 1399 2640 ipsum
1416 2593 1449 2626 D
1466 2592 1566 2638 Ergo
1584 2589 1657 2639 ipsi
1679 2590 1777 2639 rapti
1806 2597 1844 2626 et
1866 2589 2038 2627 conclusi
2065 2603 2151 2627 cum
2172 2588 2374 2627 immundis
2389 2580 2460 2649 spi-{3

386 2650 582 2689 offendere
607 2662 685 2686 non
718 2662 884 2685 vererer.
905 2652 936 2687 O
955 2662 1069 2698 quain
1092 2649 1188 2686 inira
1204 2678 1214 2696 ,
1239 2664 1261 2686 o
1284 2663 1398 2700 quain

388 2711 510 2749 audax
531 2718 568 2747 et
587 2711 720 2746 insana
739 2710 1012 2760 praesumptio!
1035 2712 1169 2747 Certus
1190 2724 1293 2747 eram
1315 2715 1399 2748 Do-

388 2774 533 2809 minum
551 2770 697 2820 justum
715 2784 815 2816 esse,
837 2779 873 2807 et
899 2779 1096 2821 potentem
1111 2771 1151 2807 in
1170 2771 1323 2808 inferno
1341 2785 1401 2808 me

389 2832 550 2883 perdere
580 2848 588 2868 :
613 2839 650 2868 et
671 2831 742 2868 hoc
765 2831 900 2868 timens
919 2861 928 2877 ,
957 2845 1035 2868 non
1057 2831 1250 2869 cessabam
1274 2841 1399 2869 tamen

389 2896 512 2944 ipsum
529 2893 737 2930 offendere.
752 2896 830 2943 Ego
851 2894 1020 2943 quidem,
1040 2903 1080 2930 ut
1095 2908 1182 2944 pars
1203 2908 1286 2931 mea
1303 2904 1402 2932 esset

387 2955 575 2992 Dominus
592 2982 600 2998 ‚
623 2954 821 2990 clericatus
846 2968 1063 3004 receperam
1092 2965 1371 2992 sacramentum
1391 2970 1399 2992 :

391 3015 455 3052 sed
473 3015 680 3051 enormitas
699 3015 785 3051 vitae
810 3028 902 3052 mea:
928 3015 975 3052 ab
999 3016 1080 3066 ipsa
1109 3030 1148 3052 re
1173 3018 1402 3054 sacramenti

393 3090 450 3113 me
471 3077 611 3112 fecerat
632 3075 810 3111 alienum.
829 3079 859 3113 O
878 3090 993 3125 quam
1011 3077 1106 3113 mira
1128 3091 1231 3127 ergo,
1245 3092 1268 3114 ο
1285 3092 1400 3128 quam

391 3137 505 3173 stulta
543 3143 580 3172 et
614 3134 816 3185 impudens
852 3136 984 3172 elatio!
1023 3137 1183 3186 Eloquia
1222 3139 1401 3185 Domini,

393 3196 544 3246 eloquia
573 3204 674 3232 casta
707 3211 714 3232 ε
747 3204 783 3233 et
806 3209 876 3246 ego
897 3196 976 3233 liaec
1005 3197 1051 3233 (le
1082 3207 1236 3247 pectore
1257 3199 1402 3236 incesto

1467 2649 1603 2686 ritibus
1621 2678 1630 2695 ,
1657 2650 1742 2687 ‘siue
1774 2653 1849 2688 fine
1880 2651 2083 2701 gehennali
2117 2650 2386 2688 cremabuntur
2408 2649 2456 2710 iti-‘f

1468 2711 1624 2748 cendio!
1643 2712 1870 2749 Festinatam
1893 2712 1973 2748 dixi
1990 2712 2289 2759 conclusionem,
2310 2720 2384 2749 tum
2398 2723 2451 2762 pr(

1470 2773 1552 2821 lege
1584 2772 1823 2821 argumenti,
1850 2781 1887 2809 et
1918 2773 2099 2809 illationis
2131 2773 2205 2809 cito
2236 2772 2363 2818 factae,
2390 2778 2454 2808 tun·

1471 2832 1635 2869 maxime
1660 2833 1748 2882 quia
1771 2832 1850 2870 dies
1870 2833 2048 2880 Domini,
2066 2834 2105 2869 in
2125 2846 2198 2883 qua
2216 2833 2288 2870 hoc
2306 2833 2450 2869 futurun

1468 2903 1537 2940 est,
1558 2895 1742 2931 velociter
1757 2895 2046 2946 appropinquat
2064 2910 2072 2932 z
2091 2895 2192 2932 unde
2209 2894 2388 2945 scriptum
2401 2880 2454 2930 est*

1469 2955 1605 2990 Adhuc
1622 2957 1805 2991 modicum
1823 2984 1834 3001 ‚
1861 2965 1896 2992 ec
1913 2955 2061 2992 movebo
2082 2959 2217 2992 coelum
2238 2965 2274 2992 et
2292 2964 2420 2991 terram
2434 2951 2453 2975 5‘

1469 3023 1505 3051 et
1525 3014 1637 3061 alibi,
1667 3019 1757 3051 Βίας
1774 3029 1913 3065 magna
1934 3026 1972 3053 et
1992 3030 2127 3053 amara
2148 3018 2282 3062 valde,
2304 3023 2340 3051 et
2359 3012 2453 3051 velo-‘²

1469 3080 1582 3112 nimis
1603 3091 1614 3112 :
1638 3075 1879 3113 tribulabitur
1900 3076 1951 3114 ibi
1963 3075 2076 3125 sortis
2089 3075 2116 3115 ⁶.
2138 3077 2324 3126 Quocirca
2338 3073 2447 3111 mirut

1471 3150 1549 3173 nou
1567 3145 1661 3182 erat,
1681 3137 1712 3173 si
1729 3137 1801 3174 hoc
1819 3146 1856 3174 et
1875 3138 1947 3174 alia
1969 3138 2089 3175 multa
2106 3137 2243 3175 similia
2263 3149 2321 3173 me
2340 3131 2447 3172 redde

1470 3198 1561 3236 bant
1578 3197 1783 3235 sollicitum
1807 3206 1844 3235 et
1864 3207 2115 3248 pensantem3
2136 3192 2203 3249 qui
2218 3197 2329 3235 etiam
2346 3196 2450 3232 recor

445 3326 453 3340 ¹
474 3319 555 3350 Psal.
574 3331 672 3357 xux,
701 3322 800 3351 16.-
820 3325 831 3341 ²
850 3320 954 3351 Galat.
974 3331 1001 3356 t,
1028 3323 1076 3351 10.
1095 3338 1125 3342 —
1144 3318 1155 3340 3
1174 3321 1254 3352 Psal,
1283 3333 1346 3357 mi,
1367 3328 1447 3354 ὓ.Ἣ
1478 3323 1600 3355 iICor.
1621 3333 1666 3360 vi,
1685 3324 1723 3360 0,
1751 3325 1846 3353 10.—
1869 3320 1882 3345 5
1900 3325 1980 3366 Agg.
1999 3334 2043 3362 11,
2063 3326 2171 3354 22.——
2187 3319 2203 3344 5
2219 3319 2398 3364 sophena,
2415 3316 2444 3347 Η
