2517 3920
323 231 424 268 1519

1089 226 1124 259 S.
1154 222 1409 260 BERNARDI
1438 221 1593 255 ABBAT
1596 220 1638 255 IS
1914 249 1937 267 s

2303 216 2403 255 1520

323 316 362 344 et
387 305 523 344 abbate
550 304 660 356 (nam
687 315 816 339 secum
839 302 887 339 ad
913 302 985 339 hoc
1013 301 1139 351 ipsum
1167 313 1232 337 eos
1259 297 1465 336 ad-⁰⁸³se‹l
1483 298 1645 346 paucos!
1663 294 1763 343 Quid
1779 307 1870 331 vero
1884 294 1945 330 ille
1963 294 2126 331 vicissim
2144 293 2279 331 nobis?
2294 298 2404 332 Nem-

324 364 531 415 duxerat),
549 362 766 401 valedicens
783 361 836 399 eis
849 391 858 408 ‚
877 362 1071 412 profectus
1092 369 1159 397 est.

377 427 440 462 69.
461 428 508 461 Et
524 436 610 459 eum
632 421 831 465 transiret,
853 420 1021 457 occurrit
1041 420 1075 455 ei
1096 432 1162 455 rex
1183 417 1306 455 David
1320 445 1329 463 ,

325 501 347 523 a
376 498 453 535 quo
476 493 677 532 susceptus
705 489 762 518 est
792 494 877 517 cum
904 479 1061 529 gaudio,
1091 487 1129 515 et
1160 486 1331 514 retentus

324 559 396 596 per
421 544 569 594 aliquot
599 542 679 578 dies
709 556 717 577 z
748 540 943 589 multaque
977 546 1157 588 operatus
1192 536 1331 586 placita

324 611 430 652 Deo,
461 604 683 642 inchoatum
711 601 850 651 repetit
882 601 964 637 iter.
999 603 1045 636 Et
1074 599 1332 649 pertransiens

326 666 490 705 Scotiam
508 694 518 711 ,
546 665 586 701 in
616 664 700 713 ipso
730 661 890 697 introitu
923 659 1068 709 Angliae
1097 658 1251 694 divertit
1285 656 1332 693 ad

326 726 523 763 ecclesiam
561 723 908 767 Gisiburnensem,
945 719 1012 757 ubi
1047 718 1221 755 habitant
1261 718 1333 753 viri

324 786 512 835 religiosi,
529 783 747 820 canonicam
764 781 946 817 ducentes
960 780 1075 816 vitam
1087 807 1096 824 ,
1114 777 1161 814 ab
1175 778 1333 826 antiquo

327 846 528 883 familiares
545 844 577 879 ei
598 856 668 892 pro
690 855 756 878 sua
776 840 958 889 religione
980 848 1015 875 et
1041 839 1253 874 honestate.
1275 836 1333 873 Ibi

324 906 488 942 adducta
516 911 570 939 est
596 902 643 938 ad
671 900 768 937 eum*
790 900 926 936 mulier
953 899 1102 950 patiens
1129 897 1330 942 morbum,

325 978 438 1014 quem
465 975 643 1000 cancrum
671 961 786 1009 vulgo
816 960 1034 1009 appellant,
1065 958 1149 1008 ipso
1171 958 1335 994 horren—

325 1025 415 1062 dum
444 1024 549 1069 visu,
581 1031 618 1059 et
638 1021 785 1058 sanavit
806 1034 901 1058 eam.
925 1023 1019 1057 Nam
1040 1018 1105 1055 ubi
1134 1032 1250 1068 aqua,
1274 1017 1333 1054 cui

1349 361 1377 394 A
1396 371 1444 407 pe
1464 357 1621 393 hilarem
1636 385 1645 402 ,
1663 368 1802 405 nempe
1823 354 2012 392 affabilem
2034 355 2258 405 peregrinus
2275 362 2414 391 noster

1398 416 1578 453 omnibus
1601 430 1639 453 se
1670 415 1890 466 praebebat,
1920 415 2098 452 omnibus
2130 413 2405 452 incredibiliter

1398 485 1561 526 gratum.
1582 480 1705 524 Quam
1723 475 1868 512 bonum
1881 505 1890 522 ,
1909 484 1946 512 et
1962 489 2076 525 quam
2093 474 2307 524 jucundum
2323 487 2406 524 age-

1398 537 1463 573 bat
1485 537 1673 587 hospitem
1697 535 1799 585 apud
1829 549 1914 582 eos,
1944 549 2040 584 quos
2066 535 2248 571 nimirum
2274 533 2406 570 videre

1399 605 1556 634 venerat
1572 611 1592 633 a
1612 595 1751 633 finibus
1768 604 1877 632 terrae
1892 624 1901 641 ,
1920 609 1997 632 non
2016 595 2216 632 auditurus
2231 595 2406 634 Salomo-

1399 671 1508 704 nem,
1539 657 1604 694 scd
1625 656 1884 694 exhibiturus!
1910 656 2084 705 Denique
2104 655 2317 693 audivimus
2343 668 2406 692 sa—

1401 718 1585 767 pientiam
1615 716 1717 766 ejus,
1752 717 1943 753 tenuimus
1974 716 2214 767 praesentiam
2242 718 2346 765 ejus,
2371 724 2408 753 et

1401 787 1588 815 tenemus.
1618 782 1702 815 ,Iam
1725 786 1891 827 quatuor
1912 786 1977 813 aut
1995 777 2165 827 quinque
2186 776 2266 813 dies
2294 776 2408 826 hujus

1401 846 1540 874 nostrae
1566 837 1817 873 solemnitatis
1843 837 2100 883 defluxerant,
2127 850 2214 874 cum
2241 850 2327 874 ecce
2347 837 2408 874 die

1402 897 1563 934 solemni
1587 897 1687 933 beati
1710 901 1822 933 Lucae
1849 898 2109 946 evangelistae,
2131 897 2244 934 Missa
2263 898 2302 934 in
2320 911 2411 934 con-

1401 965 1519 993 ventu
1537 970 1604 993 sua
1619 956 1682 992 illa
1703 963 1830 992 sancta
1851 955 2057 992 devotione
2074 955 2284 1002 celebrata,
2304 956 2409 993 febre

1402 1025 1621 1067 correptus,
1657 1016 1755 1052 lecto
1790 1014 1973 1051 decubuit
2003 1029 2010 1051 :
2041 1023 2079 1052 et
2119 1028 2190 1052 nos
2224 1029 2310 1052 cum
2343 1017 2409 1053 illo

325 1083 541 1129 benedixit,
564 1094 715 1131 aspersa
739 1089 828 1117 sunt
850 1081 1022 1116 ulcerum
1039 1080 1140 1125 loca,
1158 1079 1332 1115 dolorem
1354 1080 1379 1113 Β
1400 1091 1545 1114 omnes.
1576 1080 1755 1114 Extrema
1775 1076 1902 1126 gaudii
1920 1076 2041 1112 nostri
2062 1089 2206 1112 moeror
2226 1085 2407 1127 occupat,

326 1159 405 1182 non
427 1143 555 1181 sensit.
579 1143 649 1178 Die
673 1155 767 1178 vero
790 1141 965 1190 sequenti
982 1141 1045 1177 vix
1066 1141 1195 1176 ulcera
1215 1153 1334 1190 appa—

326 1205 475 1243 rebant.
497 1203 637 1241 Abiens
657 1202 768 1248 inde,
792 1202 839 1238 ad
859 1215 963 1238 mare
983 1201 1110 1247 venit3
1130 1201 1194 1237 sed
1218 1215 1334 1251 nega-

325 1276 389 1303 tur
408 1264 602 1301 transitus.
619 1266 738 1301 Causa
751 1292 761 1309 ,
777 1263 814 1299 ni
828 1262 958 1308 fallor,
979 1262 1049 1298 fuit
1061 1270 1145 1299 orta
1166 1262 1336 1298 simultas

323 1325 499 1378 quaedam
531 1324 631 1360 inter
659 1337 852 1360 summum
885 1323 1109 1360 Pontificem
1141 1331 1179 1359 et
1207 1336 1333 1371 regem

320 1387 466 1436 Angliae
479 1415 488 1432 ,
507 1384 612 1435 quod
629 1398 697 1421 rex
719 1383 846 1421 nescio
864 1384 957 1433 quid
972 1383 1061 1420 mali
1076 1383 1334 1434 suspicaretur

323 1448 370 1485 de
392 1447 496 1484 bono
523 1447 588 1482 illo
608 1445 765 1481 homine
780 1473 789 1489 ,
815 1445 845 1481 si
867 1444 1046 1481 transiret
1068 1458 1075 1480 :
1098 1457 1184 1480 nam
1210 1457 1334 1493 neque

322 1508 417 1545 alios
437 1507 638 1557 episcopos
665 1504 826 1541 transire
855 1504 1014 1541 sinebat.
1037 1504 1151 1552 Quod
1178 1504 1333 1554 quidem

320 1567 660 1619 impedimentum,
683 1565 752 1602 etsi
781 1564 852 1601 fuit
873 1565 1108 1601 contrarium
1138 1564 1333 1601 Malachiae

319 1627 532 1673 voluntati,
558 1625 623 1662 sed
645 1639 723 1662 non
744 1633 848 1661 voto.
870 1624 1034 1661 Dolebat
1053 1625 1200 1661 differri
1221 1639 1242 1661 a
1262 1625 1332 1662 de-

322 1688 464 1726 siderio
493 1700 562 1723 suo
576 1715 585 1733 ,
607 1685 779 1722 nesciens
805 1685 923 1734 magis
942 1698 1011 1734 per
1032 1685 1105 1721 hoc
1131 1685 1331 1734 impletum

322 1747 382 1784 iri.
407 1749 503 1783 Nam
530 1745 559 1782 si
589 1744 846 1781 incontinenti
880 1744 1094 1790 transisset,
1128 1743 1332 1794 oportebat

324 1807 484 1844 transire
519 1806 631 1842 etiam
670 1805 989 1841 Claram-Vallem
1009 1833 1018 1850 ,
1060 1813 1101 1841 ut
1138 1818 1330 1842 summum

1401 1137 1638 1174 moderatior
1666 1146 1814 1183 tamen,
1837 1135 1943 1186 quod
1970 1135 2092 1172 levior
2112 1136 2266 1174 interim
2295 1136 2411 1175 febris

1401 1212 1482 1236 esse
1497 1198 1703 1235 videretur.
1718 1197 1876 1235 Videres
1893 1196 2107 1233 discurrere
2121 1196 2255 1234 fratres
2267 1225 2276 1243 ,
2296 1197 2412 1234 dandi

1402 1259 1558 1305 avidos,
1591 1260 1650 1295 vel
1683 1258 1908 1308 accipiendi.
1939 1258 2009 1296 Cui
2038 1271 2117 1294 non
2150 1257 2261 1295 dulce
2281 1258 2411 1296 videre

1401 1321 1537 1357 illum?
1562 1320 1622 1357 cui
1645 1333 1721 1356 non
1743 1319 1892 1356 dulcius
1915 1319 2130 1356 ministrare
2146 1319 2224 1356 illi?
2248 1323 2413 1357 Utrum—

1400 1395 1476 1431 que
1497 1395 1632 1427 suave,
1661 1389 1868 1430 utrumque
1890 1380 2066 1417 salutare.
2092 1382 2140 1416 Et
2166 1379 2414 1418 humanitatis

1401 1450 1482 1478 erat
1514 1440 1687 1492 praebere
1717 1439 1969 1490 obsequium,
1999 1449 2037 1476 et
2058 1440 2253 1491 profectus
2274 1440 2414 1490 cuique

1401 1501 1481 1548 sui,
1505 1515 1590 1538 cum
1612 1500 1771 1550 gratiam
1800 1508 2028 1550 reportaret.
2053 1500 2235 1537 Assistere
2256 1513 2389 1538 omnes
2403 1531 2413 1549 ‚

1400 1576 1534 1599 omnes
1569 1562 1721 1599 solliciti
1754 1569 1864 1598 erant
1892 1562 1990 1598 circa
2026 1561 2206 1612 frequens
2239 1562 2413 1600 ministe-

1401 1623 1500 1660 rium
1530 1638 1537 1659 :
1568 1622 1846 1659 medicamenta
1873 1622 2118 1672 perquirere,
2144 1622 2327 1659 adhibere
2357 1623 2415 1659 fo-

1400 1693 1548 1731 menta,
1582 1696 1718 1733 urgere
1745 1683 1884 1733 saepius
1901 1683 1947 1719 ad
1975 1683 2216 1732 gustandum.
2239 1683 2297 1720 Ad
2317 1697 2415 1733 quos

1399 1744 1460 1780 ille
1481 1758 1488 1780 ε
1512 1760 1526 1775 «
1545 1743 1632 1781 Sine
1649 1756 1761 1779 causa
1774 1772 1783 1788 ,
1803 1759 1817 1774 »
1835 1742 1982 1792 inquit,
2001 1759 2014 1773 α
2034 1742 2133 1789 haec3
2151 1742 2216 1779 sed
2232 1742 2414 1780 charitate

1401 1821 1416 1836 »
1432 1804 1549 1840 vestri
1567 1803 1662 1840 facio
1681 1802 1868 1852 quidquid
1885 1802 2096 1852 injungitis.
2115 1820 2130 1836 »
2148 1802 2296 1841 Sciebat
2311 1803 2414 1840 enim

320 1868 546 1905 Pontificem
578 1873 814 1915 sequeretur.
846 1868 928 1902 Jam
964 1865 1063 1901 enim
1098 1865 1265 1911 abierat,
1295 1874 1331 1902 et
1350 1872 1377 1908 C
1401 1865 1600 1901 imminere
1620 1872 1770 1912 tempus
1787 1876 1864 1900 suae
1885 1863 2133 1912 migrationis.

321 1936 403 1964 erat
423 1931 579 1972 Romae,
607 1933 673 1962 aut
689 1938 811 1975 prope
828 1929 1004 1962 Romam.
1025 1929 1133 1963 Nunc
1160 1940 1252 1962 vero
1274 1926 1334 1962 in-

325 1987 544 2024 tercedente
559 1986 740 2023 dilatione
759 1986 899 2022 sactum
915 1994 971 2022 est
988 1994 1030 2021 ut
1050 1986 1193 2022 tardius
1213 1996 1333 2023 trans-

323 2048 476 2092 fretans,
491 2046 537 2082 ad
553 2046 678 2082 locum
696 2054 732 2082 ct
749 2046 881 2082 horam
901 2046 1124 2083 sanctissimi
1141 2046 1334 2083 suiobitus

323 2115 543 2157 opportune
561 2114 793 2142 occurreret.

646 2224 823 2263 CAPL‘T
855 2225 971 2263 XXX
979 2226 1006 2265 I.

319 2345 439 2375 Rursus
459 2340 719 2373 Claram-Vallem
740 2340 845 2377 venit,
868 2341 1037 2373 moriturus
1055 2343 1124 2374 loco
1147 2350 1176 2374 et
1192 2349 1333 2386 tempore

656 2405 717 2436 quo
742 2394 984 2427 desideraverat.

374 2518 436 2555 70.
450 2517 523 2565 Qui
537 2530 557 2553 a
573 2515 684 2552 nobis
699 2525 898 2566 susceptus
913 2525 987 2564 est,
1008 2527 1186 2569 tanquam
1202 2533 1328 2566 verus,

318 2577 365 2614 ab
385 2577 592 2615 Occidente
619 2577 798 2623 veniens,
828 2578 988 2615 visitans
1014 2592 1084 2616 nos
1115 2581 1251 2618 Oriens
1282 2595 1329 2618 ex

1459 1925 1517 1961 71.
1546 1925 1719 1972 Cumque
1740 1923 1898 1969 fratres,
1923 1923 1989 1973 qui
2019 1937 2102 1960 cum
2126 1937 2171 1961 co
2200 1934 2411 1972 venerant,

1403 1983 1583 2020 fidentius
1602 1983 1789 2020 instarent
1810 1983 1998 2029 dicentes,
2019 1997 2098 2020 non
2121 1993 2300 2035 oportere
2319 1986 2415 2023 diffi-

1404 2044 1494 2080 dere
1513 2044 1559 2080 de
1573 2044 1650 2080 vita
1664 2059 1673 2090 ;
1689 2057 1759 2080 nec
1777 2044 1877 2080 enim
1894 2044 1999 2094 signa
2015 2045 2149 2082 mortis
2169 2045 2207 2082 in
2225 2059 2271 2082 eo
2287 2047 2415 2097 aliqua

1404 2113 1635 2154 apparerent
1661 2119 1668 2141 :
1697 2108 1919 2154 «Oportet,
1945 2122 1959 2138 »
1991 2105 2138 2155 iuquit,
2167 2123 2181 2139 «
2211 2106 2284 2145 hoc
2313 2121 2413 2144 anno

1402 2184 1416 2197 »
1435 2165 1657 2202 valachiam
1673 2165 1776 2202 exire
1791 2165 1838 2202 de
1852 2179 2029 2216 corpore.
2042 2184 2056 2200 »
2071 2170 2118 2204 Et
2132 2167 2248 2204 infert
2264 2182 2272 2204 :
2291 2184 2305 2200 α
2318 2171 2413 2205 Ecce

1404 2244 1417 2257 »
1439 2226 1726 2277 appropinquat
1746 2226 1847 2273 dies,
1869 2240 2008 2276 quem,
2037 2235 2079 2264 ut
2101 2227 2246 2277 optime
2272 2228 2412 2275 nostis,

1403 2287 1566 2337 »optavi
1597 2300 1748 2338 semper
1779 2287 1905 2337 ipsum
1931 2287 2012 2324 fore
2043 2287 2143 2325 diem
2166 2289 2411 2326 resolutionis

1402 2365 1416 2379 υ
1436 2360 1541 2384 meae.
1575 2347 1659 2384 Scio
1692 2347 1753 2384 cui
1787 2347 1953 2395 credidi,
1985 2357 2022 2385 et
2049 2357 2174 2385 certus
2196 2362 2304 2397 sum;
2334 2363 2412 2386 non

1403 2425 1416 2439 υ
1437 2407 1644 2445 fraudabor
1668 2409 1817 2458 reliquo
1846 2408 2025 2446 desiderii
2051 2409 2150 2455 mei,
2173 2409 2239 2458 qui
2263 2418 2412 2459 partem

1404 2484 1417 2498 υ
1435 2466 1515 2516 jam
1539 2476 1663 2504 teneo.
1684 2468 1758 2516 Qui
1776 2482 1836 2504 me
1858 2482 1925 2505 sua
1948 2468 2210 2505 misericordia
2229 2468 2411 2520 perduxit

1402 2544 1415 2558 »
1434 2526 1480 2562 ad
1499 2527 1625 2563 locum
1646 2541 1760 2576 quem
1792 2528 1902 2577 petii,
1927 2528 2133 2565 terminum
2163 2542 2276 2579 quem
2304 2542 2410 2579 aeque

1398 2603 1412 2618 »
1433 2587 1559 2633 volui,
1578 2601 1656 2623 non
1672 2587 1841 2637 negabit.
1854 2587 1967 2636 Quod
1985 2588 2032 2625 ad
2049 2588 2123 2625 hoc
2139 2589 2409 2639 corpusculum

318 2638 407 2674 alto.
431 2641 462 2675 Ο
490 2645 675 2687 quantum
705 2645 844 2674 nostrae
873 2639 1114 2676 Clarae-Valli
1142 2640 1329 2679 irradians
1346 2656 1379 2690 D
1398 2663 1411 2679 >2
1430 2646 1583 2692 attinet,
1619 2647 1679 2683 hic
1701 2647 1849 2696 requies
1878 2661 1961 2684 mea
1983 2663 1990 2685 :
2013 2648 2118 2698 quod
2147 2648 2195 2690 ad
2222 2649 2406 2694 animam,

319 2697 375 2733 sol
405 2697 467 2734 ille
499 2697 678 2734 claritatis
712 2697 890 2734 adauxit!
919 2712 1033 2747 quam
1059 2699 1256 2748 jucundus
1284 2702 1331 2738 ad

319 2756 401 2806 ejus
432 2758 633 2795 introitum
663 2757 743 2794 dics
779 2759 895 2795 festus
918 2760 1046 2796 illuxit
1074 2760 1205 2798 nobis!
1240 2766 1330 2799 Haec

318 2817 417 2862 dies,
438 2831 551 2867 quam
575 2818 660 2854 fecit
675 2823 688 2839 ²¹
717 2819 926 2864 Dominus,
948 2821 1178 2858 exsultatum
1201 2831 1238 2859 et
1265 2823 1331 2860 lae-

319 2884 439 2913 tatum
458 2877 498 2913 in
529 2880 590 2914 ea!
620 2881 742 2926 Quam
767 2880 869 2916 celer
889 2889 927 2917 et
954 2882 1116 2929 saliens,
1144 2886 1330 2922 tremulus

318 2935 407 2973 licet
426 2950 469 2973 ac
497 2937 651 2984 debilis,
673 2952 763 2975 mox
784 2940 864 2989 ipse
886 2943 1058 2979 occurri!
1082 2957 1196 2993 quam
1222 2945 1329 2983 laetus

317 2995 358 3031 in
379 2996 509 3032 oscula
526 2997 608 3033 rui!
630 3012 744 3047 quam
766 3000 860 3037 laetis
880 3000 1045 3040 brachiis
1065 3004 1216 3041 missam
1239 3006 1329 3043 mihi

319 3055 467 3093 coelitus
495 3058 733 3107 amplexatus
759 3073 842 3097 sum
866 3063 1047 3111 gratiam!
1074 3078 1188 3114 quam
1215 3067 1330 3103 alacri

314 3114 426 3151 vultu
443 3123 480 3151 et
509 3116 655 3161 animo,
680 3118 731 3153 mi
755 3127 884 3167 pater,
915 3122 1113 3160 introduxi
1136 3133 1171 3161 te
1195 3125 1233 3162 in
1255 3126 1327 3163 do-

317 3187 423 3211 mum
453 3176 584 3213 matris
611 3189 724 3223 meae,
754 3185 792 3214 et
816 3179 852 3214 in
883 3180 1103 3220 cubiculum
1133 3185 1327 3233 genitricis

317 3237 433 3271 meae!
453 3238 576 3284 Quam
608 3237 762 3274 festivos
785 3238 924 3277 deinde
948 3250 1071 3279 tecum
1107 3244 1200 3282 duxi
1222 3246 1322 3293 dies,

356 3367 369 3383 ἃ
389 3363 492 3403 Alias,
511 3363 609 3397 dedit.

1400 2726 1413 2740 υ
1432 2708 1621 2745 Dominus
1636 2707 1874 2757 providebit,
1890 2709 1955 2758 qui
1970 2709 2095 2746 salvos
2114 2709 2201 2746 facit.
2214 2718 2408 2759 sperantes

1399 2786 1413 2801 υ
1434 2768 1472 2804 in
1492 2781 1542 2804 se.
1573 2772 1650 2805 Nec
1672 2782 1807 2818 parum
1830 2770 1911 2819 spei
1934 2770 2146 2819 repositum
2169 2770 2261 2806 mihi
2287 2771 2325 2807 in
2347 2769 2406 2807 die

1400 2847 1413 2861 »
1435 2829 1516 2875 illa,
1539 2842 1615 2878 qua
1649 2829 1811 2866 mortuis
1833 2838 1934 2866 tanta
1960 2843 1981 2866 a
2009 2830 2106 2867 vivis
2127 2829 2313 2867 beneficia
2332 2830 2404 2867 im-

1399 2907 1413 2921 »
1435 2888 1672 2939 penduntur.
1690 2907 1703 2922 n
1725 2893 1802 2926 Nec
1820 2890 1931 2939 longe
1948 2889 2079 2927 aberat
2094 2890 2174 2927 dies
2192 2891 2296 2941 ipsa,
2319 2904 2404 2928 cum

1399 2949 1485 2986 talia
1518 2950 1755 2998 loqueretur.
1790 2953 1941 2987 Interea
1959 2949 2072 2999 jubet
2104 2964 2143 2987 se
2175 2963 2285 2988 sacro
2319 2951 2403 2988 oleo

1397 3010 1500 3059 ungi.
1520 3013 1692 3047 Exeunte
1713 3019 1906 3047 conventu
1927 3011 2088 3047 fratrum
2118 3019 2161 3048 ut
2185 3011 2404 3048 solemniter

1396 3070 1520 3116 fieret,
1543 3083 1621 3107 non
1643 3070 1823 3107 sustinuit
1844 3079 1886 3107 ut
1903 3071 1949 3107 ad
1970 3084 2008 3109 se
2025 3071 2299 3108 ascenderent:
2321 3071 2401 3121 ipse

1396 3129 1591 3167 descendit
1619 3130 1666 3166 ad
1696 3144 1773 3167 eos.
1801 3129 1957 3168 Jacebat
1984 3130 2172 3181 siquidem
2193 3131 2233 3167 in
2262 3131 2400 3167 solario

1395 3189 1532 3227 domus
1555 3191 1775 3240 superioriS.
1797 3191 1976 3241 Ungitur,
2008 3201 2046 3229 et
2063 3200 2216 3242 sumpto
2236 3191 2415 3238 Viatico,

1394 3250 1551 3288 fratrum
1578 3264 1616 3287 se
1634 3250 1893 3298 orationibus,
1914 3260 1951 3288 et
1973 3252 2108 3290 fratres
2126 3250 2398 3289 commendans
