2565 3952
174 534 558 593 EPISTOLA
617 532 940 592 CCCLIII.a

146 705 192 728 AD
218 705 452 727 WILLELMUM
478 705 645 727 ABBATEM
666 705 715 727 DE
738 705 921 729 RIEVALLE
938 690 966 727 ¹³.

54 836 160 868 Monet
175 832 388 875 :equanimiter
402 831 484 864 ferre
508 833 704 875 illegitimam
731 833 961 877 archiepiscopi
980 834 1064 866 Ebo-

354 886 492 917 racensis
509 878 753 918 ordinationem.

55 1017 198 1057 Dilecto
234 1017 340 1053 fratri
380 1026 418 1054 et
455 1017 631 1055 coabbati
663 1031 733 1055 suo
765 1021 982 1055 XVILLELMO
1019 1018 1065 1055 de

105 1078 292 1124 Rievatte‚
324 1079 441 1115 frater
470 1082 696 1116 Bmxinncs
729 1079 775 1116 de
809 1080 1067 1127 Clara-Valle,
1091 1082 1117 1116 B

104 1139 277 1190 spiritum
300 1140 447 1177 consilii
467 1148 506 1177 et
522 1140 772 1177 fortitudinis.

97 1268 235 1307 Audivi
252 1269 357 1318 quod
378 1270 518 1306 factum
536 1278 592 1307 est
612 1269 659 1306 de
677 1269 967 1319 archiepiscopo
985 1269 1066 1316 illo,

57 1338 94 1368 et
129 1329 335 1380 plurimum
375 1330 502 1367 doleo.
537 1334 747 1380 Propterea
782 1331 903 1367 sciens
944 1330 1067 1366 zelum

59 1399 244 1438 vestrum,
268 1404 316 1428 ne
343 1391 442 1428 forte
473 1392 561 1442 plus
583 1391 689 1441 justo
715 1391 878 1438 ferveat,
912 1400 1064 1442 tempe-

59 1459 266 1490 ramentum
301 1452 468 1489 scientiae
501 1466 580 1489 non
611 1452 841 1498 admittens,
865 1452 970 1502 quod
1000 1466 1071 1489 nec

59 1511 189 1551 ordini
209 1519 342 1550 nostro
363 1512 568 1558 convenit,
591 1526 661 1549 nec
683 1511 817 1549 domui
838 1521 974 1549 vestrae
1001 1526 1071 1549 ne-

60 1571 258 1608 cessarium
284 1579 364 1618 est3
386 1571 543 1622 dignum
571 1571 663 1608 duxi
684 1572 943 1609 consolatoria
971 1573 1068 1610 scri-

60 1631 147 1670 bere
177 1632 286 1670 vobis
312 1648 320 1670 ε
350 1634 534 1683 quoniam
562 1634 652 1671 satis
687 1634 954 1683 aequanimiter
976 1648 1070 1684 por-

62 1695 172 1733 tanda
208 1705 298 1733 sunt
338 1705 501 1743 caetera,
534 1696 848 1746 quandoquidem
890 1710 966 1733 non
999 1711 1070 1735 nos

61 1755 180 1806 arguit
210 1757 368 1807 propria
400 1757 646 1794 conscientia.
676 1760 840 1794 Securus
868 1756 977 1803 dico,
1002 1770 1071 1794 ne-

61 1806 133 1866 que
150 1816 327 1866 iniquitas
346 1826 494 1862 vestra,
515 1830 641 1867 neque
658 1825 860 1868 peccatum
884 1826 1068 1854 vestrum.

965 237 1226 271 t2t>1s'1‘01..13.

1250 506 1633 563 EPISTOLA
1704 497 2027 563 CCCLIV.‘¹

1130 663 1177 684 An
1200 662 1374 685 REGlNAM
1392 662 1721 685 JEROSOLYMORUM
1739 662 1999 695 MILISENDEM,
2020 664 2148 686 fiLlAM

1241 723 1424 747 BALDUINI
1450 724 1583 757 REGIS,
1603 724 1647 746 ET
1666 723 1849 746 FULCOMS
1869 724 2040 748 UXOREM.

1220 845 1350 874 Mortuo
1369 842 1507 874 Fulcone
1527 843 1595 874 viro
1615 853 1671 873 suo
1683 867 1690 880 ‚
1715 849 1747 874 ut
1768 855 1800 875 se
1817 854 1924 885 gerere
1939 844 2064 875 debeat.

1132 962 1405 1000 Illustrissimae
1421 964 1755 1013 Jerosolymorum
1769 965 1968 1014 reginaeM.
1981 970 2154 1003 Benna-

1188 1038 1258 1061 Dtrs
1279 1025 1614 1062 Clat'ae-Vallensis
1642 1024 1782 1072 abbas,
1799 1026 1972 1064 invenire
1994 1029 2153 1078 gratiam

1191 1085 1293 1135 apud
1310 1086 1533 1123 Dominum.

1192 1217 1298 1250 Inter
1316 1213 1548 1263 multiplices
1562 1227 1672 1250 curas
1688 1222 1725 1249 et
1741 1215 1892 1263 negotia
1910 1217 2046 1265 regalis
2060 1217 2156 1253 aulae

1136 1274 1225 1310 satis
1250 1274 1509 1322 incongruum
1532 1273 1624 1309 mihi
1645 1273 1813 1310 scribere
1834 1275 2003 1322 videtur,
2020 1277 2047 1313 si
2067 1277 2104 1313 in
2122 1286 2156 1313 te

1137 1342 1285 1370 tantum
1313 1334 1473 1383 gloriam
1504 1335 1610 1383 regni
1639 1335 1717 1380 tui,
1739 1336 1951 1384 potentiam
1975 1345 2101 1384 tuam,
2122 1346 2160 1374 et

1137 1395 1275 1431 lineam
1300 1394 1509 1431 nobilitatis
1536 1395 1800 1444 respexissem.
1824 1399 1915 1433 Haoc
1943 1398 2072 1434 omnia
2102 1399 2159 1434 vi-

1138 1455 1280 1492 dentur
1300 1455 1340 1491 in
1359 1454 1481 1491 oculis
1501 1455 1727 1501 hominum3
1752 1464 1789 1492 et
1807 1456 1873 1505 qui
1894 1470 1972 1493 non
1993 1457 2158 1504 habent,

1138 1514 1313 1551 invident
1332 1513 1564 1550 habentibus
1581 1527 1624 1551 ea
1637 1544 1646 1560 ,
1662 1524 1699 1551 et
1715 1514 1869 1552 beatum
1889 1516 2023 1553 dicunt
2040 1517 2161 1554 homi-

1139 1588 1225 1611 nem
1238 1604 1247 1621 ,
1268 1573 1378 1623 cujus
1396 1574 1477 1610 haec
1496 1583 1597 1610 sunt.
1615 1575 1686 1611 Sed
1705 1589 1790 1625 quae
1807 1585 1863 1612 est
1878 1577 1946 1613 ista
1960 1576 2160 1615 beatitudo

1136 1635 1173 1671 in
1196 1633 1438 1686 possidendis
1459 1634 1547 1679 illis,
1566 1649 1651 1684 quae
1672 1636 1802 1672 onmia
1824 1644 2004 1686 tanquam
2028 1638 2159 1674 fenum

1136 1695 1321 1732 velociter
1336 1703 1534 1740 arescunt,
1552 1703 1588 1731 et
1607 1695 1935 1744 quemadmodum
1952 1698 2057 1734 olera
2075 1698 2159 1735 her-

1137 1755 1274 1792 barum
1304 1756 1379 1791 cito
1403 1754 1603 1791 decidunt!
1624 1759 1730 1792 Bona
1748 1764 1838 1792 sunt
1858 1757 1955 1803 hzec,
1982 1758 2047 1794 sed
2074 1772 2158 1796 mo-

1138 1815 1233 1852 bilia
1248 1845 1257 1861 ,
1285 1815 1351 1852 scd
1373 1815 1592 1863 mutabilia,
1620 1816 1684 1853 sed
1706 1818 1971 1867 praeteritura,
1996 1827 2033 1855 et
2058 1820 2164 1869 peri·

62 1876 256 1915 Restitistis
281 1877 411 1927 quoad
428 1878 608 1929 potuistis
632 1892 640 1914 :
662 1877 740 1927 jam
760 1877 971 1914 secundum
991 1881 1071 1915 Au-
1092 1872 1119 1908 C
1141 1883 1225 1912 tura
1242 1905 1251 1921 ‚
1283 1876 1373 1926 quia
1394 1875 1497 1913 bona
1522 1877 1659 1913 carnis.
1687 1881 1808 1914 Porro
1835 1877 1881 1914 de
1903 1892 2037 1924 carne,
2056 1888 2092 1915 et
2113 1880 2159 1916 de

61 1937 196 1987 gustini
221 1938 468 1984 sententiam,
496 1951 576 1975 non
606 1951 676 1975 vos
699 1938 876 1987 inquinat
905 1938 1073 1974 alienum

62 1997 217 2044 malum,
235 1998 553 2048 quandoquidem
575 2011 654 2035 non
677 1998 922 2035 consensistis
943 1998 1074 2044 corde,

63 2065 99 2094 et
124 2070 189 2094 ore
215 2057 474 2108 redarguistis.
497 2059 561 2096 Ait
581 2059 681 2095 enim
705 2074 712 2095 :
732 2075 746 2090 «
765 2057 929 2096 Duobus
952 2058 1076 2096 modis

65 2134 80 2150 υ
97 2131 174 2155 non
191 2126 227 2156 te
242 2119 419 2169 inquinat
439 2120 606 2156 alienum
627 2120 771 2156 malum
786 2127 799 2142 ⁰
811 2149 820 2166 ,
839 2119 869 2156 si
886 2133 965 2156 non
983 2133 1074 2156 con-

65 2194 80 2210 »
95 2178 223 2224 sentis,
239 2187 277 2216 et
293 2179 324 2216 si
339 2179 534 2230 redarguis
554 2187 578 2217 ¹.
597 2198 612 2213 ι)
635 2183 692 2217 De
713 2189 851 2217 caetero
868 2179 947 2229 jam
966 2179 1071 2217 bono

29 2285 32 2287 -
64 2238 186 2276 animo
213 2247 357 2286 estote,
389 2248 426 2277 et
449 2240 570 2277 nolite
591 2239 751 2277 turbari.
777 2244 834 2277 De
861 2240 1071 2279 Ordinibus

27 3776 60 3952 Lss-„
56 3706 57 3739 Η

65 2310 151 2336 vero
179 2307 216 2336 et
246 2301 500 2338 Sacramentis
528 2301 675 2338 caeteris
705 2301 860 2346 scitote,
886 2301 1070 2351 quoniam

64 2359 126 2408 qui
137 2358 322 2410 baptizat,
340 2361 422 2411 ipse
439 2370 476 2398 et
498 2370 642 2408 sacrat,
664 2362 836 2399 Christus
854 2362 1046 2399 Dominus
1061 2392 1071 2409 ,

64 2421 232 2458 Pontifex
265 2421 480 2458 animarum
515 2431 749 2459 nostrarum.
782 2422 896 2471 Quod
926 2423 955 2459 si
987 2424 1073 2472 quis

64 2481 320 2518 contentiosus
349 2491 406 2520 est
434 2495 552 2532 super
578 2482 845 2529 ordinatione,
868 2496 982 2519 nemo
1004 2497 1073 2520 vos

65 2540 161 2590 cogit:
183 2541 364 2579 ordinari.
397 2543 565 2581 Omnino
593 2552 721 2580 tamen
745 2556 878 2580 secure
903 2543 990 2580 dico
1007 2573 1015 2588 ‚
1042 2545 1073 2580 si

65 2614 147 2638 cum
176 2603 342 2640 Ecclesia
379 2604 604 2654 suscipitur,
638 2618 717 2641 non
751 2613 807 2641 est
842 2605 1072 2654 periculum.

1140 1935 1253 1973 bonis
1280 1935 1363 1985 ejus
1395 1936 1540 1973 dictum
1568 1945 1643 1982 est,
1681 1940 1815 1974 Onml's
1843 1953 1932 1974 caro
1951 1938 2102 1986 fumun,
2127 1950 2163 1976 ec

1142 2001 1262 2033 crustis
1285 2000 1409 2047 gloria
1441 1998 1519 2043 ejus
1544 2007 1728 2046 tanquam
1741 2000 1821 2045 flos
1834 1998 1918 2044 feni
1934 2006 1958 2036 ².
1983 1999 2163 2037 Scriben-

1143 2065 1219 2093 tem
1238 2070 1329 2107 ergo
1350 2057 1397 2094 ad
1421 2065 1457 2094 te
1482 2070 1561 2094 non
1585 2058 1748 2094 multum
1768 2058 1837 2094 ista
1856 2060 2024 2096 revereri
2042 2073 2163 2109 opor-

1145 2117 1228 2164 tuit,
1244 2118 1281 2154 in
1304 2117 1444 2168 quibus
1468 2118 1581 2154 fallax
1600 2119 1734 2167 gratia,
1753 2127 1791 2155 et
1806 2132 1905 2156 vana
1919 2128 1976 2156 est
1993 2120 2165 2170 pulchri-

1141 2178 1248 2216 tudo.
1266 2179 1408 2228 Accipe
1427 2179 1556 2229 paucis
1575 2193 1661 2229 quae
1691 2179 1777 2216 dico
1801 2195 1808 2216 :
1828 2194 1917 2216 nam
1949 2181 2018 2217 etsi
2044 2181 2163 2217 multa

1139 2238 1299 2276 habeam
1328 2239 1395 2276 tibi
1429 2239 1576 2286 dicere,
1599 2239 1760 2277 verbum
1790 2249 1915 2277 tamen
1939 2242 2070 2278 faciam
2093 2241 2163 2278 ab·

1139 2299 1352 2336 breviatum
1376 2308 1538 2350 propter
1559 2301 1698 2337 multas
1718 2314 1829 2337 curas
1854 2309 1935 2338 tuas
1952 2330 1961 2347 ,
1988 2310 2025 2338 et
2046 2316 2160 2339 meas.

1139 2360 1281 2410 Accipe
1301 2359 1418 2397 breve
1436 2361 1638 2397 consilium
1654 2391 1663 2407 ,
1682 2361 1748 2398 sed
1765 2362 1857 2398 utile
1870 2390 1879 2407 ,
1903 2362 1949 2399 de
1967 2371 2066 2399 terra
2082 2364 2163 2400 lon-

1141 2421 1296 2470 ginqua,
1317 2420 1363 2458 de
1379 2434 1456 2470 quo
1474 2430 1657 2471 tanquam
1674 2422 1720 2458 de
1737 2435 1860 2471 parvo
1879 2423 2024 2459 semine
2042 2425 2160 2460 multa

1141 2495 1246 2531 seges
1261 2490 1391 2531 surgat
1406 2482 1444 2518 in
1463 2490 1682 2532 posterum3
1703 2483 1851 2532 accipe,
1872 2483 2049 2532 inquam,
2070 2498 2161 2520 con—

1141 2543 1267 2579 silium
1300 2542 1346 2578 de
1376 2556 1493 2579 manu
1515 2543 1645 2589 amici,
1665 2556 1743 2579 non
1772 2543 2020 2580 commodum
2047 2557 2158 2581 suum

1142 2604 1370 2654 quaerentis,
1404 2604 1470 2640 scd
1503 2604 1691 2641 honorem
1727 2613 1847 2641 tuum.
1882 2605 2016 2642 Nullus
2048 2606 2159 2655 siqui-

65 2661 241 2712 Alioquin
268 2663 315 2701 de
334 2664 408 2701 hoc
428 2663 575 2701 mundo
592 2665 804 2710 exiremus,
833 2664 862 2701 si
886 2665 1072 2701 vellemus
1093 2668 1126 2702 D
1143 2665 1228 2701 den]
1273 2664 1341 2701 tibi
1374 2664 1525 2701 fidelior
1559 2664 1605 2701 ad
1646 2665 1849 2701 consilium
1885 2679 1966 2702 esse
2003 2674 2132 2716 potest
2149 2694 2158 2711 ,

67 2733 194 2759 omnes
215 2724 334 2761 malos
354 2724 486 2774 fugere
502 2753 511 2769 ‚
531 2738 628 2774 quos
654 2725 822 2762 Ecclesia
841 2725 990 2762 tolerat.
1013 2726 1073 2763 Ad

65 2794 245 2820 summam
258 2814 268 2831 ,
289 2798 368 2822 non
395 2785 459 2822 diu
481 2785 648 2822 tardabit
664 2785 759 2835 quin
777 2785 994 2822 innotescat
1013 2800 1073 2823 res

67 2853 210 2880 summo
227 2845 402 2882 Pontifici
422 2860 430 2882 ε
453 2853 490 2882 et
510 2845 616 2894 quod
632 2845 870 2882 ordinaverit
887 2854 952 2882 aut
972 2860 1073 2896 prae-

67 2903 204 2952 ceperit
233 2904 338 2954 ipse,
363 2904 467 2942 bona
494 2905 654 2942 omnino
683 2906 917 2942 conscientia
943 2907 1072 2956 sequi-

67 2961 156 2999 mini
181 2972 219 3000 et
248 2973 386 3003 tenete.
416 2966 574 3004 Interim
607 2980 678 3003 vos
710 2966 976 3016 aequanimiter
1004 2980 1073 3003 ex-

67 3031 238 3072 spectate.

116 3178 126 3194 ¹
143 3176 242 3207 Serm.
261 3179 324 3215 88,
339 3188 408 3220 cap.
429 3181 482 3216 18,
505 3190 537 3210 n.
562 3183 613 3211 19,
632 3199 678 3203 —
695 3186 708 3201 2
729 3181 791 3212 Isai
813 3193 874 3217 ιι,
897 3185 927 3212 6.

1143 2739 1257 2774 quam
1285 2725 1351 2775 qui
1380 2738 1458 2761 non
1488 2734 1574 2770 tua,
1596 2725 1663 2761 sed
1688 2725 1755 2774 qui
1782 2733 1816 2761 te
1842 2724 1976 2774 diligit.
2004 2729 2159 2762 Mortuo

1142 2799 1231 2835 rege
1262 2786 1346 2822 viro
1380 2794 1468 2832 tuo,
1499 2794 1537 2822 et
1568 2786 1731 2835 parvulo
1761 2799 1848 2834 rege
1881 2786 2003 2822 adhuc
2034 2786 2160 2822 minus

1142 2845 1286 2882 idoneo
1315 2846 1361 2882 ad
1391 2845 1582 2896 portanda
1603 2846 1755 2895 negotia
1779 2846 1886 2895 regni
1906 2855 1943 2882 et
1963 2847 2010 2883 ad
2031 2860 2161 2897 prose-

1142 2905 1340 2956 quendum
1370 2906 1469 2956 regis
1499 2907 1689 2953 officium,
1717 2906 1818 2943 oculi
1845 2907 2019 2944 omnium
2054 2908 2093 2944 in
2126 2916 2161 2944 te

1142 2967 1353 3017 respiciunt
1370 2995 1379 3012 ‚
1404 2976 1442 3003 et
1462 2967 1500 3003 in
1520 2975 1555 3004 te
1577 2967 1697 3003 solam
1718 2967 1897 3004 universa
1916 2968 2023 3017 regni
2041 2968 2161 3004 moles

1142 3027 1320 3064 inclinata
1352 3026 1553 3064 recumbit.
1581 3030 1688 3077 Opus
1714 3036 1771 3065 est
1800 3036 1842 3064 ut
1869 3041 2024 3064 manum
2056 3036 2157 3064 tuam

111 3235 126 3250 ²
144 3235 229 3266 Alias
242 3236 372 3278 epistola
387 3240 453 3269 379
472 3249 479 3270 :
499 3250 568 3280 quae
585 3250 660 3271 vero
678 3246 768 3271 antea
790 3244 856 3272 353
875 3248 962 3278 erat,
986 3252 1069 3272 nunc
1089 3244 1168 3273 387.
1192 3242 1314 3283 Scripta
1335 3241 1417 3272 circa
1437 3252 1556 3273 annum
1583 3245 1592 3273 1
1608 3245 1683 3273 141.

111 3279 128 3303 ι’
148 3291 176 3319 Is
193 3295 239 3319 est
255 3290 451 3329 VVillelmus,
474 3293 624 3324 Ptievallis
640 3294 673 3324 in
694 3294 819 3326 dioecesi
839 3294 1031 3326 Eboracensi
1051 3295 1180 3326 Ordinis
1197 3296 1412 3326 Cisterciensis
1435 3295 1552 3334 abbas,
1576 3307 1638 3337 quo
1658 3296 1801 3326 ministro
1820 3305 1892 3325 usus
1912 3300 1956 3325 est
1977 3293 2154 3324 Bernardus

69 3339 100 3372 in
115 3341 274 3373 scribenda
294 3344 425 3385 epistola
448 3349 456 3376 l
483 3345 524 3376 ad
539 3345 728 3379 Robertum.
750 3352 798 3379 De
816 3349 959 3379 Rievalle
976 3349 1178 3380 Monasticon
1194 3349 1318 3390 Anglic.
1339 3359 1409 3390 pag.
1433 3351 1509 3380 727.
1527 3368 1569 3370 —
1585 3354 1598 3369 c
1616 3349 1721 3383 Alias,
1742 3359 1806 3378 non
1827 3354 1854 3376 te
1871 3346 2020 3390 inquinat
2038 3344 2152 3375 malm.

113 3393 278 3437 dEpistola
296 3407 377 3429 nova
399 3409 406 3429 :
427 3408 494 3440 quae
511 3410 586 3430 vero
612 3406 704 3432 antea
720 3404 784 3433 354
801 3408 887 3441 erat,
906 3412 989 3434 nunc
1012 3406 1090 3435 388.
1109 3403 1231 3445 Scripta
1251 3414 1334 3434 anuo
1353 3402 1467 3434 Christi
1495 3404 1592 3433 1142.
