2565 3952
62 129 134 167 633

62 209 238 252 latorem,
261 202 370 254 cujus
387 215 592 254 personam
611 209 648 238 et
669 212 796 237 mores
816 207 950 236 vestrae
967 196 1118 235 man—⁵¹

62 266 251 307 suetudini
281 264 611 302 commendamus.
642 266 698 299 De
723 269 863 298 caetero
892 260 999 297 venit
1027 259 1074 296 ad
1093 257 1125 291 A

60 342 127 366 vos
142 326 258 364 abbas
276 324 574 363 Sancti-Vedasti
589 323 618 370 *,
633 323 751 358 homo
767 321 881 372 plane
897 321 1074 357 inimicus

62 389 153 435 sibi,
187 387 282 434 suis,
315 394 353 423 et
375 385 544 422 ecclesiae
571 397 667 429 suae,
691 383 810 419 homo
842 382 906 432 qui
928 381 1075 431 accepit

61 451 99 489 in
112 462 253 487 vanum
272 460 416 484 nomen
434 445 583 483 abbatis
603 459 609 481 :
630 444 768 495 quaerit
782 444 883 481 enim
905 457 991 494 quae
1007 456 1075 480 sua

61 519 166 558 sunt,
182 523 259 546 non
278 521 365 559 quae
381 512 474 545 Jcsu
496 507 647 544 Christi.
666 506 739 543 Scd
755 514 792 542 et
807 506 930 555 qualis
948 514 1072 556 pater,

61 573 141 611 talis
161 579 198 608 et
215 570 313 607 filius
333 569 398 619 qui
417 583 503 605 cum
524 582 570 605 eo
591 576 648 605 est
667 583 674 604 :
696 567 761 617 qui
782 580 852 604 nec
874 567 1075 604 conscien-

61 633 141 678 tiae,
179 644 248 668 nec
270 643 348 667 suae
382 630 491 666 famae
523 628 709 679 pepercit.
746 627 1005 665 Subsannatio
1038 636 1075 664 et

59 691 182 732 illusio
203 691 261 728 his
282 690 349 741 qui
375 690 414 727 in
435 689 599 726 circuitu
621 687 702 738 ejus
723 697 813 725 sunt
833 704 840 725 :
864 691 909 727 G.
934 688 1076 738 loquor

60 751 285 792 monachum
304 750 399 801 ejus.
420 750 584 801 Spiritus
606 750 779 787 veritatis
801 749 865 786 det
886 748 997 786 vobis
1021 749 1075 786 di-

59 814 184 853 videre
212 813 337 850 lucem
366 825 387 848 a
417 810 608 858 tenebris,
639 810 704 848 det
724 809 835 848 vobis
862 809 1073 861 reprobare

60 874 196 913 malum
222 880 261 910 et
282 872 424 923 eligere
447 871 607 909 bonum.

59 1002 634 1014 nm=====mwssmuwm=suu==mv=x==
640 1002 870 1011 wwwwwssxuxxxxm

200 1101 579 1159 EPISTOLA
643 1097 943 1158 CCCXL.⁶

212 1239 260 1261 An
290 1238 451 1261 EUMDEM
481 1237 747 1261 INNOCENTIL‘M
778 1238 907 1260 ΡΑΡΑΜ.

312 1335 375 1364 Pro
401 1332 552 1376 episcopo
569 1331 807 1374 Andegavensi.

55 1432 325 1474 Amantissimo
346 1431 506 1470 domino
527 1440 565 1469 et
584 1432 705 1483 patri,
728 1431 801 1469 Dei
821 1431 942 1481 gratia
963 1444 1070 1469 sum-

105 1509 167 1533 mo
187 1494 364 1532 Pontifici
393 1497 634 1532 INNocnx'rlo
648 1523 658 1541 ‚
680 1497 905 1531 BERNARDL‘S
926 1493 1069 1531 Clarae-

102 1556 288 1595 vallensis
307 1554 444 1603 abbas,
466 1554 662 1592 modicum
689 1554 728 1591 id
748 1554 855 1605 quod
877 1563 946 1592 est.

101 1674 257 1710 Fractus
288 1669 370 1720 jam
407 1678 518 1707 aetate
540 1699 551 1717 ,
588 1668 787 1707 laboribus
811 1699 821 1717 ,
860 1669 1064 1720 periculis,

53 1731 334 1782 Andegavensis
363 1731 570 1782 episcopus
590 1729 632 1778 ¹³,
668 1729 778 1780 cujus
816 1739 952 1781 pectus
986 1744 1066 1768 non

1000 121 1262 157 EPISTOLAE.

2084 127 2157 164 (534

1203 198 1275 236 Dei
1309 198 1430 247 gratia
1466 197 1779 235 Hiberniensium
1816 200 2104 253 archiepiscopo
2123 205 2138 221 *
2153 234 2162 250 ‚

1199 259 1421 309 apostolicae
1457 258 1565 295 Scdis
1600 259 1725 308 legato
1745 288 1754 305 ,
1792 260 1908 297 frater
1941 266 2165 301 Bmmnncs

1199 320 1462 358 Clarae-Vallis
1479 328 1638 356 vocatus
1656 318 1793 367 abbas,
1812 321 1987 358 invenire
2004 324 2163 372 gratiam

1196 382 1300 432 apud
1317 381 1542 419 Dominum.

1203 504 1234 540 1.
1264 507 1372 541 Inter
1397 502 1629 553 multiplices
1651 510 1764 539 aestus
1791 509 1828 538 et
1849 515 1958 538 curas
1991 504 2160 552 pectoris

1144 564 1240 611 mei,
1264 578 1345 615 prae
1366 563 1614 602 multitudine
1636 577 1799 613 quarum
1822 563 1950 600 anima
1972 577 2056 601 mea
2080 574 2163 602 tur-

1141 625 1232 663 bata
1257 633 1314 663 cst
1335 625 1465 672 valde,
1495 625 1630 662 fratres
1652 624 1699 660 dc
1730 632 1831 661 terra
1851 624 2062 675 longinqua
2094 640 2162 662 ve—

1144 686 1313 731 nientes,
1347 694 1388 722 ut
1413 685 1582 722 serviant
1602 684 1793 730 Domino,
1827 685 1989 735 epistola
2012 694 2100 733 tua,
2125 695 2163 723 et

1143 746 1306 784 baculus
1339 755 1426 783 tuus
1454 747 1537 796 ipsa
1558 759 1619 782 me
1641 746 1839 783 consolata
1860 754 1949 783 sunt
1970 761 1977 782 :
2001 747 2161 797 epistola

1141 808 1180 845 in
1202 808 1422 846 ostensione
1443 806 1557 845 bonae
1575 808 1784 844 voluntatis
1798 838 1808 854 ,
1832 806 1992 845 baculus
2011 808 2058 845 ad
2079 822 2163 845 sus-

1142 870 1371 907 tentandum
1395 883 1536 920 corpus
1560 869 1815 915 infirmitatis,
1841 870 1976 906 fratres
1997 870 2062 920 qui
2080 874 2161 908 Deo

1141 932 1317 970 serviunt
1337 931 1377 968 in
1407 931 1544 982 spiritu
1565 931 1802 969 humilitatis.
1827 932 1966 970 Omnia
1992 933 2162 983 suscepi-

875 1001 1075 1012 ““““““”
1094 994 1122 1028 Β
1144 1007 1247 1040 mus,
1261 992 1391 1029 onmia
1405 993 1578 1043 placent,
1594 992 1723 1029 onmia
1737 992 1883 1042 pariter
1901 1002 2163 1043 cooperantur

1139 1054 1177 1091 in
1193 1053 1353 1091 bonum.
1372 1053 1485 1102 Quod
1507 1061 1635 1090 autem
1654 1053 1832 1090 voluistis
1849 1053 1946 1091 duos
1967 1053 2013 1091 de
2033 1054 2162 1091 fratri—

1138 1113 1212 1151 bus
1230 1114 1329 1151 mitti
1348 1113 1460 1151 vobis
1477 1113 1524 1150 ad
1542 1113 1836 1164 praevidendum
1852 1115 1981 1151 locum
1997 1115 2034 1161 *3
2059 1128 2163 1152 com-

1141 1175 1337 1212 municato
1359 1188 1446 1212 cum
1467 1174 1648 1212 fratribus
1665 1175 1846 1222 consilio,
1867 1175 2027 1226 dignum
2046 1176 2162 1214 duxi—

1141 1248 1226 1272 mus
1258 1248 1337 1272 non
1373 1248 1439 1271 eos
1471 1234 1706 1284 separandos
1733 1233 1781 1270 ab
1814 1235 2002 1281 invicem,
2038 1235 2162 1273 donec

1139 1296 1293 1348 plenius
1315 1296 1356 1333 in
1376 1296 1430 1333 eis
1451 1295 1641 1332 formetur
1667 1295 1859 1343 Christus,
1882 1296 2005 1333 donec
2027 1296 2075 1334 ad
2099 1297 2161 1334 in-

1140 1365 1290 1407 tegrum
1319 1356 1535 1393 doceantur
1555 1355 1689 1405 praelia
1719 1355 1888 1393 Domini.
1921 1359 2017 1394 Cum
2042 1357 2161 1407 igitur

1139 1418 1284 1455 fuerint
1310 1418 1350 1455 in
1379 1417 1510 1454 schola
1535 1417 1658 1454 sancti
1685 1417 1849 1467 Spiritus
1877 1417 2041 1465 eruditi,
2074 1432 2160 1456 cum

1137 1479 1264 1516 induti
1285 1479 1428 1516 virtute
1450 1492 1497 1516 ex
1524 1479 1625 1525 alto,
1647 1487 1738 1516 tunc
1757 1478 1913 1516 demum
1944 1479 1990 1516 ad
2011 1488 2159 1530 patrem

1139 1541 1205 1578 filii
1228 1549 1496 1586 revertentur,
1519 1548 1561 1577 ut
1584 1548 1741 1577 cantent
1761 1541 1954 1577 canticum
1979 1541 2159 1589 Domini,

1139 1616 1218 1640 non
1235 1601 1315 1652 jam
1336 1602 1375 1639 in
1399 1610 1501 1639 terra
1522 1602 1666 1649 aliena,
1690 1601 1756 1639 sed
1776 1602 1813 1639 in
1837 1616 1915 1639 sua.

1191 1663 1227 1701 2.
1248 1667 1326 1702 Vos
1347 1672 1475 1701 autem
1496 1663 1652 1700 interim
1670 1662 1784 1713 juxta
1803 1664 2031 1714 sapientiam
2048 1664 2159 1702 vobis

1135 1724 1262 1762 datam
1280 1738 1301 1762 a
1320 1725 1510 1772 Domino,
1530 1724 1744 1762 secundum
1765 1725 2034 1762 habitudinem
2057 1726 2160 1763 loco-

55 1801 222 1840 moveat,
235 1792 317 1836 vnisi
331 1792 414 1843 ejus
430 1792 497 1842 qui
516 1792 666 1829 viscera
686 1791 982 1839 misericordiae,
999 1792 1067 1842 qui
1087 1793 1113 1830 C
1135 1800 1220 1824 rum
1244 1799 1330 1836 quae
1350 1786 1498 1823 vidistis
1519 1786 1623 1837 apud
1652 1800 1742 1833 nos,
1764 1786 1976 1837 praevidete
1997 1796 2033 1824 et
2053 1801 2157 1838 prae-

55 1867 204 1892 omnem
235 1854 485 1892 humanitatis
514 1854 622 1891 exuit
653 1853 858 1890 affectum?
881 1857 974 1891 Haec
1006 1867 1067 1891 me

55 1924 205 1954 movent
232 1929 305 1967 pro
332 1916 490 1953 homine
510 1915 598 1962 illo,
625 1913 735 1965 cujus
755 1924 1011 1963 senectutem,
1035 1916 1065 1953 si

54 1991 168 2016 unum
196 1978 389 2029 excipitur
414 1978 555 2015 factum
572 2008 582 2024 ‚
618 1977 880 2015 venerabilem
910 1978 999 2015 facit
1028 1987 1066 2015 et

53 2039 143 2085 vita,
165 2047 203 2076 et
230 2039 400 2076 scientia.
434 2042 491 2076 De
520 2053 597 2090 quo
627 2039 812 2090 quoniam
847 2039 939 2089 quid
970 2052 1062 2090 per-

55 2108 173 2138 actum
190 2100 238 2138 sit
252 2100 355 2138 inter
374 2101 505 2151 ipsum
521 2109 560 2137 et
573 2099 784 2147 abbatiam,
800 2100 977 2137 nondum
998 2114 1064 2138 co·

53 2162 275 2213 gnovimus‚
308 2162 403 2199 nihil
435 2161 605 2199 scribere
634 2161 904 2212 praesumimus
940 2161 986 2198 de
1023 2175 1064 2198 re

53 2223 253 2274 incognita.
276 2223 350 2261 Sed
379 2223 410 2260 si
431 2223 647 2260 constiterit
674 2236 762 2259 eum
794 2222 927 2259 fecisse
958 2221 1063 2272 quod

27 2276 31 2278 ’
53 2283 244 2334 promisit,
266 2281 455 2332 nihiljam
472 2295 673 2333 superesse
691 2281 905 2329 credimus,
928 2282 1000 2319 nisi
1023 2291 1065 2319 ut

52 2343 276 2394 plenitudini
297 2344 428 2395 gratiae
448 2352 487 2381 et
506 2343 625 2381 officii
647 2343 706 2380 sui
728 2343 965 2380 restituatur.

53 2480 553 2491 Ἀιὶνινυνιι-ινινινιυινιιινυνιιινιω
554 2481 1066 2492 xxxxxxxxxxxxxxxxxxxxxxxxxx

170 2595 547 2654 EPISTOLA
599 2593 926 2654 CCCXLIJ'

110 2740 156 2763 An
183 2741 400 2764 MALACHIAM
430 2741 622 2764 BIBERNIAE
649 2741 991 2766 ARCHIEPISCOPL’M.

52 2844 169 2875 Fratres
181 2868 189 2882 ‚
208 2843 344 2881 litteras,
370 2849 402 2875 et
422 2842 590 2878 baculum,
608 2842 649 2874 ab
666 2854 704 2874 eo
725 2843 821 2875 missa
844 2850 932 2886 grato
958 2845 1064 2877 animo

94 2896 229 2940 suscipit.
248 2900 367 2930 Locum
392 2897 561 2939 Religiosis
583 2896 734 2928 idoneum
754 2899 928 2941 praeparari
945 2899 1062 2942 jubet:

95 2961 187 2994 seque
199 2952 264 2995 ejus
279 2951 475 2985 orationihus
489 2952 702 2984 commendat.

53 3060 262 3099 Venerabili
275 3061 433 3100 domino
445 3070 484 3100 et
495 3061 717 3100 beatissimo
728 3062 830 3114 patri
840 3065 1061 3113 MALACHIAE,

96 3207 109 3224 ⁸
128 3204 240 3236 Jacobi
261 3216 304 3235 111
316 3230 324 3244 ,
352 3209 383 3237 2.
397 3223 444 3228 —-
456 3211 470 3228 ²
484 3208 578 3238 Joan.
592 3217 660 3237 xxxx
674 3230 682 3245 ‚
703 3209 736 3238 8.

1134 1856 1267 1898 parate
1279 1847 1333 1884 eis
1349 1847 1479 1884 locum
1495 1861 1516 1884 a
1532 1847 1763 1884 tumultibus
1781 1847 1909 1885 saeculi
1925 1856 2157 1899 separatum.

1133 1912 1301 1959 Tempus
1317 1908 1418 1945 enim
1436 1922 1560 1959 prope
1578 1917 1652 1955 est,
1672 1908 1711 1945 in
1729 1922 1806 1959 quo
1822 1908 1934 1945 vobis
1947 1938 1956 1955 ,
1972 1918 2158 1960 operante

1132 1970 1203 2008 Dei
1224 1970 1345 2020 gratia
1359 1999 1368 2017 ,
1392 1983 1516 2007 novos
1538 1969 1585 2007 de
1603 1970 1800 2008 veteribus
1820 1970 1996 2008 homines
2014 1971 2159 2022 produ-

1132 2045 1275 2069 cemus.
1295 2032 1350 2070 Sit
1368 2045 1510 2069 nomen
1532 2032 1692 2069 Domini
1708 2031 1956 2069 benedictum
1973 2033 2010 2068 in
2034 2046 2157 2069 saecu·

1131 2093 1189 2140 la,
1221 2092 1267 2129 de
1299 2091 1408 2142 cujus
1430 2106 1591 2130 munere
1617 2092 1743 2140 venit,
1772 2101 1815 2129 ut
1836 2106 2063 2130 communes
2084 2093 2156 2130 ha-

1131 2152 1242 2190 beam
1265 2153 1364 2190 filios
1392 2152 1620 2199 vobiscum,
1656 2167 1754 2204 quos
1775 2162 1903 2191 vestra
1933 2154 2156 2204 praedicatio

1131 2214 1337 2263 plantavit,
1356 2222 1488 2251 nostra
1503 2213 1721 2251 exhortatio
1740 2213 1893 2263 rigavit,
1909 2218 2011 2252 Deus
2028 2224 2156 2252 autem

1131 2274 1415 2312 incrementum
1438 2275 1555 2312 dedit.
1585 2275 1833 2313 Sanctitatem
1854 2285 2020 2313 vestram
2043 2290 2156 2327 roga-

1133 2349 1217 2373 mus
1231 2365 1240 2381 ,
1256 2344 1299 2373 ut
1315 2335 1479 2373 verbum
1496 2336 1653 2373 Domini
1669 2336 1886 2386 praedicetis
1900 2367 1909 2383 ,
1925 2337 1971 2374 ad
1988 2338 2154 2375 dandam

1134 2397 1330 2435 scientiam
1355 2397 1486 2434 salutis
1503 2396 1607 2447 plebi
1624 2396 1720 2447 ejiis.
1744 2398 1899 2448 Duplex
1921 2398 2023 2435 enim
2043 2399 2155 2436 vobis

1132 2458 1324 2495 incumbit
1354 2459 1560 2496 necessitas
1573 2488 1582 2504 ,
1616 2468 1654 2495 et
1687 2472 1733 2495 ex
1762 2459 1891 2495 officio
1927 2460 2127 2509 legationis
2144 2491 2154 2508 ,

1131 2528 1169 2557 et
1202 2520 1413 2570 episcopali
1437 2521 1606 2570 negotio.
1643 2524 1700 2557 De
1722 2528 1863 2557 caetero
1894 2521 2081 2570 quoniam
2112 2521 2152 2558 in

1080 2590 1114 2624 D
1132 2581 1262 2618 multis
1290 2581 1524 2618 offendimus
1556 2588 1739 2628 Oinncs¹,
1777 2590 1813 2618 et
1840 2581 1942 2618 inter
1974 2581 2152 2619 homines

1129 2642 1257 2680 saeculi
1293 2642 1519 2692 frequenter
1559 2642 1675 2693 positi
1711 2642 1875 2679 multum
1913 2642 1959 2679 de
1991 2643 2153 2693 pulvere

1129 2703 1265 2741 mundi
1292 2703 1576 2750 contrahimus;
1602 2703 1740 2741 vestris
1767 2712 1804 2740 et
1823 2713 2043 2742 vestrorum
2065 2718 2154 2742 ora-

1131 2763 1300 2802 tionibus
1320 2778 1380 2802 me
1402 2764 1658 2812 commendo,
1683 2774 1724 2801 ut
1745 2765 1784 2802 in
1804 2765 1910 2802 fonte
1931 2766 2152 2803 misericor-

1132 2825 1204 2862 diae
1225 2839 1302 2863 suae
1323 2839 1395 2863 nos
1415 2826 1544 2863 lavare
1565 2834 1603 2863 et
1628 2827 1845 2864 emaculare
1871 2826 2051 2877 dignetur
2071 2828 2154 2878 ipse

1132 2887 1218 2923 fons
1247 2882 1402 2937 pietatis
1434 2891 1544 2925 Jesus
1567 2887 1758 2935 Christus,
1789 2888 1854 2937 qui
1883 2887 1979 2924 dixit
2007 2891 2121 2925 Petro
2145 2904 2152 2926 :

1131 2948 1218 2983 Nisi
1231 2949 1353 2983 lavero
1373 2956 1408 2983 te
1420 2977 1429 2992 ,
1453 2962 1527 2984 non
1548 2947 1703 2984 habebis
1713 2958 1864 2998 parlem
1881 2963 2023 2985 merum
2039 2955 2062 2985 ².
2080 2950 2153 2987 Sed

1130 3015 1168 3044 et
1181 3007 1255 3044 hoc
1270 3008 1416 3058 ipsum,
1431 3022 1510 3045 non
1528 3009 1650 3046 solum
1667 3010 1867 3060 precibus,
1884 3024 2018 3047 verum
2039 3012 2152 3047 etiam

1130 3069 1240 3118 quasi
1261 3083 1309 3106 ex
1332 3069 1463 3107 debito
1492 3071 1674 3121 requiro,
1709 3086 1796 3109 cum
1819 3086 1889 3123 ego
1917 3073 2074 3109 clamem
2105 3073 2152 3109 ad

1163 3214 1176 3229 ³
1193 3213 1336 3255 Epistola
1353 3224 1437 3245 nova
1459 3224 1466 3245 :
1482 3225 1552 3256 quae
1571 3226 1647 3246 vero
1662 3223 1753 3248 antea
1775 3219 1841 3248 340
1856 3223 1920 3247 erat
1936 3242 1942 3249 .
1966 3227 2050 3247 nunc
2069 3218 2148 3247 403.

49 3256 165 3301 Scripta
183 3258 265 3291 circa
284 3269 404 3291 annum
427 3263 530 3292 1140.
548 3278 594 3284 —-
614 3261 630 3281 b
648 3261 814 3303 Ulgerffls,
835 3261 875 3293 ad
899 3273 993 3304 quem
1010 3266 1143 3307 epistola
1171 3269 1250 3298 200.

89 3316 105 3334 ⁸
131 3312 217 3346 Alias
233 3314 365 3358 epistola
382 3317 448 3348 315
468 3326 475 3347 :
498 3326 567 3358 quae
584 3325 660 3347 vero
674 3321 768 3348 antea
784 3318 847 3348 341
869 3322 954 3356 erat,
970 3329 1056 3352 nunc
1077 3323 1156 3353 385.
1177 3322 1301 3366 Scripta
1317 3322 1398 3355 circa
1416 3333 1535 3354 annum
1556 3327 1656 3356 1140.
