2533 3920
324 277 397 314 247
1084 271 1120 304 s.
1151 266 1400 303 BERNARDI
1430 266 1629 302 ARBATIS
2335 260 2411 296 248

1353 341 1383 359 87

326 421 1334 442 ................................................................
1360 402 1390 437 Α
1406 415 2415 429 unm-„nunu..u-unu.-,mun-...nuum-„munuumuu

447 538 819 598 EPISTOLA
875 538 1201 595 LXXXIV.
1542 543 1912 603 EPISTOLA
1960 534 2282 604 LXXXV.¹'

710 701 756 723 AD
784 699 954 722 EUMDEM.
1635 702 1681 723 AD
1710 700 1869 723 EUMDEM
1899 700 2143 723 thLLELMfflvI
2164 686 2194 724 *0

328 825 522 860 Monachum
546 833 713 855 erroneum
742 822 890 860 remittit,
925 821 979 852 sed
1012 820 1161 852 reducem
1185 819 1284 851 lenius
1312 825 1342 851 et
1409 821 1552 854 Suaviter
1583 821 1762 863 perstringit
1794 821 2016 859 Gusslclmum,
2050 827 2294 863 conquerentem
2317 821 2375 854 sibi
2402 833 2420 854 a

638 877 741 909 mitius
765 877 890 909 tractari
905 876 1025 908 suadet.
1479 875 1639 906 Bernardo
1658 875 1787 918 paribus
1804 875 1918 906 amoris
1939 875 2047 906 officiis
2071 886 2134 906 non
2155 875 2347 918 responderi.

386 1007 569 1052 Provide,
598 1014 640 1042 ut
659 1005 876 1050 videt15‚et
901 1017 979 1040 non
1011 1003 1150 1040 frustra
1180 1015 1342 1039 erronea
1410 998 1564 1031 Domno
1605 993 1733 1030 abbati
1770 997 1996 1032 Gunmmmo
2033 995 2149 1032 frater
2177 999 2418 1041 Bnnmnnus,

332 1068 481 1105 ovicula
496 1071 643 1103 vestraa
666 1073 799 1101 contra
817 1077 963 1101 morem
980 1072 1154 1100 nostrum
1173 1076 1194 1098 a
1211 1061 1341 1108 nobis,
1464 1054 1685 1090 charitatem
1727 1053 1774 1090 de
1810 1054 1926 1090 corde
1964 1068 2083 1104 pum,
2124 1063 2162 1092 et
2192 1056 2423 1093 conscientia

334 1141 411 1164 non
437 1126 547 1163 nobis
562 1155 571 1171 ‚
594 1125 659 1162 sed
685 1124 755 1161 sibi
782 1133 819 1160 et
839 1123 947 1160 vobis
977 1123 1129 1160 detenta
1159 1130 1236 1168 est,
1257 1135 1345 1159 cuni
1365 1123 1393 1157 Β
1466 1114 1581 1161 bOna,
1597 1123 1635 1151 Gt
1656 1114 1729 1151 fide
1750 1128 1827 1151 1¹0ss
1844 1115 1931 1151 ficta
1942 1121 1968 1151 ⁰·

335 1188 399 1225 tali
420 1184 767 1230 circumventione,
794 1184 872 1220 imo
894 1183 978 1220 utili
1007 1182 1281 1228 subventione,
1304 1190 1346 1219 ut

335 1247 441 1284 fratri
461 1259 534 1295 pro
554 1244 727 1282 arctioris
743 1244 829 1281 vitae
850 1243 1060 1289 desiderio,
1075 1251 1113 1279 et
1127 1255 1198 1292 pro
1220 1241 1344 1278 fratris
1469 1243 1500 1279 1.
1537 1242 1574 1280 Si
1605 1254 1718 1278 nemo
1748 1242 1818 1278 scit
1851 1255 1936 1292 quae
1969 1249 2059 1278 sunt
2082 1241 2121 1278 in
2149 1241 2324 1289 homine,
2351 1243 2423 1280 nisi

335 1307 460 1344 reditu
479 1314 615 1343 vestrae
634 1305 786 1342 tandem
807 1304 1054 1340 nihilominus
1073 1302 1262 1339 voluntati
1281 1315 1343 1338 sa·
1410 1303 1564 1353 spiritus
1595 1301 1760 1338 hominis
1792 1301 1857 1351 qui
1887 1302 1925 1338 in
1957 1301 2041 1352 ipso
2072 1310 2126 1338 est
2149 1308 2186 1349 ¹;
2220 1303 2248 1339 si
2277 1304 2356 1340 sola
2385 1303 2425 1340 in

335 1367 524 1404 tisfactum
544 1366 602 1402 sit.
624 1368 715 1402 Haec
731 1373 857 1401 autem
878 1364 984 1409 dico,
1013 1376 1090 1399 non
1112 1371 1154 1399 ut
1174 1370 1344 1398 nostram
1411 1363 1504 1400 facie
1535 1362 1639 1398 videt
1672 1362 1812 1408 homo,
1855 1362 1943 1412 quia
1980 1363 2082 1398 solus
2118 1366 2223 1399 Deus
2254 1362 2426 1400 intuetur

335 1440 423 1476 erga
444 1439 512 1463 vos
530 1426 569 1461 in
590 1425 661 1461 hoc
680 1425 794 1460 velim
822 1422 1090 1460 commendare
1110 1422 1345 1459 benevolen-
1412 1437 1478 1460 cor
1499 1429 1511 1444 ²
1535 1437 1543 1459 :
1566 1422 1706 1469 miror,
1736 1436 1806 1459 nec
1838 1423 1927 1459 satis
1954 1422 2084 1459 mirari
2112 1435 2292 1472 possum,
2324 1437 2425 1473 quo-

337 1487 425 1523 tiam
440 1515 450 1532 ,
477 1498 590 1534 quam
621 1497 689 1534 per
719 1484 907 1533 quidquid
928 1484 1051 1520 facere
1071 1496 1228 1532 possum
1243 1509 1252 1527 ‚
1281 1482 1347 1518 vix
1413 1483 1528 1520 modo
1541 1512 1551 1529 ,
1572 1496 1695 1532 quave
1716 1483 1863 1519 ratione
1896 1482 1949 1518 sic
1979 1490 2081 1519 tuam
2102 1491 2216 1532 atque
2236 1496 2359 1519 meam
2379 1483 2425 1519 ad

336 1547 548 1583 sufficerem
564 1574 573 1591 ,
589 1544 686 1580 sicut
707 1553 782 1589 cst,
803 1544 1067 1580 demonstrare
1090 1557 1097 1578 :
1117 1541 1182 1578 sed
1202 1550 1244 1577 ut
1262 1554 1347 1577 cer-
1414 1543 1577 1579 invicem
1599 1541 1840 1578 dilectionem
1860 1554 2021 1591 pensare
2041 1549 2078 1577 et
2099 1541 2332 1591 distinguere
2353 1555 2426 1591 po—

338 1616 418 1643 tum
440 1619 541 1642 nunc
569 1604 759 1650 habeatis,
782 1603 885 1654 quod
904 1612 942 1640 et
967 1611 1053 1639 ante
1073 1602 1182 1639 vobis
1211 1602 1349 1638 dixisse
1417 1601 1538 1647 misti,
1566 1608 1753 1650 quatenus
1775 1613 1853 1636 non
1883 1600 2005 1636 solum
2033 1599 2080 1636 de
2099 1600 2282 1650 proprio,
2304 1599 2369 1636 sed
2391 1608 2428 1636 et

338 1680 398 1703 me
415 1665 591 1710 memini,
617 1664 706 1713 quia
725 1677 824 1714 saepe
852 1663 1043 1713 inquietos
1069 1662 1235 1707 animos,
1260 1661 1349 1710 qui·
1418 1661 1464 1698 de
1485 1661 1609 1697 alieno
1629 1661 1855 1697 sententiam
1876 1660 1991 1697 corde
2013 1660 2218 1710 proferres.
2239 1663 2358 1697 Error
2378 1660 2428 1696 si-

336 1725 408 1763 bus
436 1739 521 1771 sua‚
544 1725 583 1761 in
603 1738 679 1773 qua
705 1733 815 1769 sunt,
838 1724 916 1760 vita
936 1736 1014 1759 non
1036 1722 1194 1768 sufficit,
1222 1721 1352 1758 distri-
1417 1722 1573 1771 quidem
1591 1730 1645 1758 est
1661 1721 1838 1757 humanae
1860 1720 1997 1757 mentis
2012 1749 2021 1766 ‚
2045 1733 2125 1757 non
2146 1720 2262 1757 modo
2281 1719 2427 1756 bonum

337 1786 436 1822 ctior
479 1792 637 1833 experta
675 1783 894 1833 compescit.
930 1782 1138 1820 Consilium
1175 1789 1349 1817 nostrum
1417 1790 1552 1832 putare
1573 1782 1737 1827 malum,
1767 1789 1804 1817 et
1826 1781 1967 1817 malum
2000 1778 2170 1825 bonum,
2199 1787 2264 1816 aut
2292 1793 2429 1816 verum

338 1859 454 1896 super
481 1845 566 1894 ipso
594 1844 708 1880 fratre
729 1844 972 1881 reconciliato
989 1843 1086 1880 velle
1104 1856 1172 1879 vos
1194 1841 1349 1891 scripsi-
1417 1843 1551 1879 salsum
1566 1871 1574 1887 ‚
1599 1850 1636 1878 et
1653 1855 1673 1878 e
1690 1854 1876 1877 converso
1895 1855 1903 1877 ε
1920 1840 1986 1876 sed
2004 1841 2117 1876 etiam
2140 1848 2243 1876 certa
2259 1840 2429 1890 recipere

339 1907 407 1943 stis
428 1905 560 1942 audire
580 1919 587 1941 :
608 1904 673 1941 sed
702 1917 780 1941 non
805 1903 938 1953 putavi
964 1916 1115 1939 necesse
1139 1902 1219 1938 fore
1235 1931 1243 1947 ‚
1263 1915 1349 1938 cum
1369 1900 1397 1936 C
1418 1916 1489 1952 pro
1510 1901 1656 1948 dubiis,
1678 1900 1794 1937 dubia
1823 1914 1894 1950 pro
1917 1900 2041 1937 certis.
2069 1903 2183 1938 Forte
2207 1913 2342 1937 verum
2374 1909 2432 1937 est

338 1974 493 2016 paratus
512 1964 641 2001 veniat
661 1977 738 2001 non
761 1977 866 2001 suam
881 1993 890 2010 ‚
916 1971 957 1999 ut
981 1963 1075 1999 solet
1089 1991 1098 2008 ,
1121 1976 1141 1998 a
1160 1961 1268 1998 vobis
1288 1974 1351 1997 ex·
1418 1961 1523 2011 quod
1544 1961 1654 2008 dicis,
1678 1961 1804 1997 minus
1824 1961 1967 1997 scilicet
1981 1974 2001 1997 a
2022 1973 2082 1996 me
2099 1960 2218 1996 amari
2239 1968 2294 2007 te,
2315 1973 2430 2010 quam

300 2051 307 2057 -
338 2034 535 2074 torquere,
567 2023 632 2060 sed
665 2032 823 2069 vestrae,
858 2030 900 2059 ut
935 2022 1064 2068 decet,
1097 2021 1134 2057 in
1171 2019 1351 2057 omnibus
1417 2036 1477 2059 me
1500 2022 1623 2070 diligis
1647 2036 1654 2058 :
1678 2021 1743 2058 sed
1773 2029 1874 2057 certe
1905 2028 2032 2057 certus
2058 2033 2160 2066 sum,
2183 2029 2329 2057 eertum
2352 2034 2430 2057 non

337 2084 526 2121 voluntati
558 2083 810 2132 acquiescere.
839 2082 1108 2120 Dil'licultatem
1140 2081 1348 2130 ingressus,
1416 2096 1496 2120 csse
1518 2081 1598 2118 nbi.
1621 2081 1825 2129 Quomodo
1846 2094 1936 2130 ergo
1961 2094 2033 2130 pro
2053 2089 2157 2117 certo
2176 2081 2362 2127 affirmas,
2384 2081 2431 2118 de

339 2158 454 2194 quam
474 2143 584 2180 valde
612 2144 740 2189 timet,
759 2156 831 2192 pro
856 2143 939 2192 ipso
968 2150 1005 2178 et
1034 2154 1119 2177 cum
1149 2140 1233 2190 ipso
1258 2154 1350 2190 sup-
1417 2157 1493 2192 quo
1511 2150 1657 2178 certum
1675 2150 1730 2178 est
1754 2141 1844 2190 quia
1860 2149 1986 2177 certus
2006 2141 2161 2178 minime
2178 2141 2250 2178 sis?
2269 2142 2429 2184 Mirum!

340 2206 525 2255 plicamus
556 2204 617 2253 pie
651 2203 875 2252 temperari,
911 2210 948 2238 et
989 2201 1182 2250 aliquanto
1221 2201 1350 2237 mitius
1416 2203 1556 2241 Paulus
1591 2215 1629 2238 se
1659 2214 1728 2238 suo
1753 2200 1899 2250 judicio
1926 2214 2004 2238 non
2034 2201 2176 2247 eredit,
2203 2203 2272 2237 secl
2293 2215 2428 2250 neque,

340 2279 425 2301 cum
449 2278 494 2301 eo
519 2264 577 2313 agi
591 2293 601 2309 ‚
619 2276 730 2312 quam
761 2276 845 2298 cum
874 2261 1018 2298 caeteris
1050 2261 1146 2297 solet
1172 2260 1349 2309 fugitivis.
1418 2263 1615 2313 inquiens,
1637 2275 1695 2298 me
1717 2266 1838 2310 ipsum
1849 2262 1983 2308 judico
2002 2261 2028 2298 3.
2050 2265 2184 2299 Petrus
2203 2262 2306 2311 luget
2323 2275 2430 2298 suam

338 2329 382 2362 In
405 2324 591 2361 similibus
607 2324 707 2360 enim
734 2323 839 2359 sactis
857 2322 873 2337 *
891 2335 1002 2358 causa
1021 2321 1210 2357 dissimilis
1231 2321 1350 2357 simile
1418 2337 1493 2372 qua
1521 2336 1559 2359 se
1584 2322 1765 2359 fefellerat
1798 2322 2159 2372 praesumptionem‚
2183 2335 2269 2358 cum
2293 2321 2340 2358 de
2361 2336 2430 2360 suo

340 2393 485 2423 recusat
514 2384 715 2433 judicium.
738 2384 899 2420 Multum
934 2382 1078 2432 quippe
1112 2382 1296 2418 differunt
1331 2395 1352 2418 a
1417 2384 1657 2433 loqueretur,
1680 2382 1809 2418 dicens
1843 2396 1851 2418 ε
1880 2383 1931 2417 Ec
1956 2386 1990 2417 si
2014 2385 2219 2430 oportuerit
2246 2395 2306 2417 me
2335 2386 2432 2418 more·

340 2460 397 2493 sc,
416 2446 479 2495 qui
501 2445 637 2481 timore
663 2453 727 2481 aut
748 2444 836 2480 odio
866 2443 1059 2491 religionis
1089 2442 1135 2478 dc.
1159 2449 1351 2478 monaste-
1418 2453 1560 2487 tecum,
1586 2456 1660 2478 non
1688 2451 1722 2478 te
1749 2441 1904 2489 negabo,
1934 2441 2119 2491 Discipuli
2143 2440 2189 2478 de
2210 2441 2430 2491 proditione

342 2506 399 2542 rio
430 2505 539 2555 sugit,
574 2513 611 2541 ct
640 2505 705 2554 qui
737 2503 907 2553 ejusdem
941 2516 1070 2540 amore
1100 2511 1138 2539 et
1163 2501 1350 2539 desiderio
1417 2503 1594 2548 Domini,
1623 2515 1692 2538 nec
1718 2502 1755 2537 in
1781 2501 1858 2538 suis
1886 2500 2046 2538 fidentes
2068 2501 2330 2548 conscientiis,
2352 2502 2430 2539 sin—

343 2565 474 2602 transit
498 2565 544 2602 ad
562 2565 674 2602 aliud.
1416 2562 1494 2611 guli
1534 2559 1819 2610 respondebant
1849 2575 1856 2597 ε
1887 2562 2083 2609 Numquid
2112 2574 2177 2609 ego
2214 2574 2318 2606 sum,
2349 2564 2431 2597 Do-

1418 2626 1519 2657 mine
1538 2621 1578 2657 4?
1599 2621 1719 2658 David
1740 2635 1845 2658 suam
1879 2621 1925 2657 dc
1955 2634 1994 2657 se
2016 2621 2269 2670 ignorantiam
2293 2621 2432 2658 fatetur

418 2707 463 2727 AD
492 2705 738 2729 GUILLELMUM
767 2704 933 2726 ΑΒΒΑΤΕΜ
963 2704 991 2727 5,
1021 2703 1268 2727 THEODERJCL
1368 2683 1401 2717 D
1418 2694 1531 2718 Ol'ssnS
1551 2689 1588 2717 Ct
1612 2681 1777 2717 ClsssssssssS
1799 2695 1806 2717 Σ
1834 2683 1885 2716 El!
1911 2685 2150 2730 ignorantitls
2169 2694 2271 2717 meas
2290 2695 2337 2717 lle
2354 2694 2431 2717 me—

1422 2745 1573 2777 mineris
1597 2740 1623 2777 ⁵.
1644 2744 1700 2777 Tu
1721 2754 1813 2777 vcro
1832 2741 1960 2777 nescio
1992 2754 2067 2790 qua
2088 2740 2244 2786 fiducia,
2267 2754 2345 2778 non
2369 2754 2431 2778 so-

390 2812 450 2842 nte
478 2812 622 2842 insffl-iuu-
645 2811 684 2842 ab
702 2811 768 2842 auis
789 2811 928 2853 Epistola
954 2811 994 2841 aa
1015 2812 1215 2843 Guiiieimum
1237 2811 1353 2843 sancti·
1421 2802 1497 2837 lum
1520 2800 1566 2837 de
1590 2809 1678 2847 tuo,
1705 2800 1770 2837 scd
1797 2809 1833 2837 et
1863 2801 1908 2838 de
1935 2814 2020 2838 mco
2049 2800 2165 2838 corde
2193 2809 2268 2838 tam
2299 2809 2430 2851 aperte

345 2865 531 2896 Theoderici
560 2865 707 2896 abbatem
723 2890 730 2903 ,
762 2876 855 2906 quam
882 2866 948 2897 xire
975 2866 1167 2897 Przrsatiouis
1190 2866 1352 2908 Apologia:
1421 2860 1609 2897 declamas
1631 2875 1637 2896 :
1657 2876 1670 2891 (ι
1688 2863 1740 2898 Ut
1757 2861 1843 2910 plus
1858 2873 2007 2908 amans,
2027 2878 2040 2893 υ
2057 2861 2257 2911 inqu-iens,
2273 2876 2289 2893 «
2305 2861 2431 2897 minus

344 2920 383 2951 ad
402 2920 546 2951 eumdem
564 2921 684 2963 scriptae
698 2920 857 2963 praefixam
880 2921 950 2952 ride
968 2927 1051 2952 tomo
1070 2921 1217 2951 secundo.
1423 2939 1436 2954 »
1454 2921 1598 2971 diligar,
1623 2939 1637 2953 »

1474 2981 1509 3018 2.
1537 2985 1627 3018 Haec
1648 2981 1791 3031 quippe
1821 2991 1909 3019 sunt
1928 2981 2046 3019 verba
2077 2990 2160 3026 tua,
2183 2994 2269 3031 quae
2289 2981 2430 3018 nollem

1420 3041 1533 3077 fuisse
1562 3049 1647 3085 tua,
1671 3041 1759 3090 quia
1776 3041 1904 3078 nescio
1930 3042 1959 3078 si
1985 3049 2072 3078 sunt
2090 3054 2193 3077 vera.
2216 3039 2288 3077 Sed
2313 3048 2350 3076 et
2369 3048 2429 3087 tu,

1421 3100 1451 3137 si
1472 3101 1562 3146 scis,
1586 3100 1689 3137 uude
1711 3102 1804 3137 scis?
1821 3101 1942 3147 unde,
1964 3101 2140 3150 inquam,
2163 3098 2334 3150 probasti
2352 3112 2430 3136 ma-

1421 3160 1475 3209 gis
1497 3173 1565 3197 nos
1587 3174 1607 3197 a
1626 3169 1660 3197 tc
1678 3160 1804 3211 diligi,
1828 3173 1942 3210 quam
1966 3169 2000 3197 te
2018 3174 2038 3196 a
2059 3159 2193 3196 nobis?
2211 3163 2271 3197 An
2291 3172 2336 3196 ex
2357 3159 2430 3195 hoc

395 3303 404 3318 ¹
429 3300 440 3328 Ι
460 3298 534 3329 Cor.
553 3307 598 3333 11,
623 3298 675 3327 11.
700 3313 741 3317 —
759 3299 900 3336 ²1Reg.
918 3307 976 3326 xvt
990 3320 997 3333 ,
1017 3299 1048 3327 7.
1066 3314 1111 3318 ——
1132 3296 1265 3333 3IC01·.
1288 3311 1334 3339 tv,
1354 3303 1385 3332 3.
1401 3319 1446 3323 --
1460 3300 1474 3327 4
1489 3301 1605 3333 Mauh.
1624 3312 1718 3340 xxvt,
1737 3304 1794 3340 35,
1817 3303 1870 3331 22.
1886 3318 1930 3323 —
1952 3297 1966 3321 ⁵
1983 3300 2063 3331 Psal.
2080 3311 2177 3340 xxxv,
2198 3302 2230 3331 7.

391 3366 402 3377 ¹·
425 3363 586 3393 Nicolaum
608 3367 694 3391 vocat
718 3361 894 3392 Rerum-dus
916 3360 1024 3402 ipsein
1046 3363 1197 3405 Apologia
1218 3365 1255 3396 ad
1274 3366 1475 3397 Guillclmum
1490 3391 1498 3404 ‚
1517 3377 1548 3398 u.
1570 3370 1600 3398 si.
1617 3384 1660 3389 -—
1677 3359 1694 3383 ¹*
1711 3365 1830 3407 Scripta
1846 3365 1928 3396 circa
1947 3376 2064 3396 amium
2084 3367 2183 3396 1125.

391 3422 397 3434 1
426 3415 590 3457 Inscriptio
610 3426 648 3446 ex
665 3413 770 3446 codice
790 3414 861 3445 item
880 3413 1071 3445 corbeiensi.
