2565 3952
89 162 156 200 381

87 361 224 400 sufficit
242 360 335 396 mihi
355 367 394 395 ut
425 359 603 408 plangam
633 358 806 395 dolorem
837 373 977 396 meum.
1010 365 1100 397 Post

87 420 235 472 longam
260 433 408 456 moram
449 421 668 468 multosque
698 419 866 467 labores,
902 434 1000 470 quos
1026 435 1099 471 pro

87 482 240 522 servitio
257 484 443 518 Romanae
463 480 642 517 Ecclesia»
658 481 818 530 pertuli,
841 495 925 518 cum
947 483 1100 520 tandem

87 542 228 596 placuit
258 541 460 578 Serenitati
492 549 630 577 vestrae
662 541 827 578 reditum
861 556 1032 580 annuere
1053 544 1101 581 ad

87 606 221 643 fratres
254 616 388 649 meos,
426 601 496 638 etsi
531 601 673 638 fractus
703 601 851 639 viribus
890 605 1096 654 corporis,

88 675 266 716 tanquam
289 665 386 701 male
408 677 598 714 operans;
621 664 729 700 laetus
756 671 882 701 tamen
905 664 954 701 ol)
977 666 1100 703 mani-

84 727 193 778 pulos
214 725 318 777 pacis
334 738 432 775 quos
454 723 721 775 reportabam,
753 725 799 761 ad
821 727 1098 764 monasterium

85 801 169 826 cum
186 787 442 837 prosperitate
462 786 635 836 perveni.
652 785 803 824 Credidi
822 800 881 823 me
900 787 947 824 dc
966 787 1098 826 labore

85 849 245 888 evasisse
267 848 315 885 ad
336 848 532 898 requiem,
560 847 673 884 licere
696 848 787 884 mihi
806 857 1014 899 utcumque
1033 864 1096 887 re—

85 909 223 948 sarcire
243 908 500 959 spiritualium
523 907 662 944 damna
679 908 895 945 studiorum
909 939 918 955 ,
941 924 983 946 ac
1005 923 1094 947 san-

85 979 154 1008 ctae
169 970 307 1020 quietis
333 969 582 1015 detrimenta,
605 983 689 1019 quae
711 970 803 1007 foris
833 971 1095 1018 incurreram3

998 163 1263 198 EPISTOLAE.

142 241 177 277 2.
207 237 279 276 Sed
309 237 400 287 quid
434 239 531 286 ago?
564 237 728 283 excessi,
765 238 909 274 fateor:
931 251 1007 275 non
1039 239 1388 292 est'ss’sumptione
1418 247 1543 283 moliri
1576 250 1680 297 quod
1710 265 1787 289 non
1824 262 2075 301 conveniebat

88 314 213 341 meum
242 312 419 336 accusare
440 312 671 348 quemquam
695 307 760 335 aut
786 300 1070 349 reprehendere
1089 317 1097 347 3
1116 301 1149 333 A
1170 311 1305 340 vcstrae
1337 305 1456 354 ipsius
1492 307 1700 356 Maj‹2sraiis
1735 323 2025 367 contemptum,
2091 298 2099 312 ⁷

2101 192 2176 227 :382

2146 272 2181 307 111

2069 335 2106 361 et
2145 329 2183 365 111

1167 372 1309 400 nostrae
1342 366 1665 414 pusillanimitatis
1698 373 1948 413 scandalum?
1982 384 2185 428 Quomodo

1170 436 1247 459 non
1277 424 1431 461 erubuit
1451 425 1576 464 bonus
1596 429 1658 465 ille
1680 431 1739 467 vir
1768 435 1870 483 apud
1891 450 1930 472 se
1954 442 2017 476 Est
2044 451 2082 478 et
2100 448 2184 483 Non

1170 483 1356 531 inveniri,
1379 494 1530 524 tentans
1559 488 1760 539 imponere
1794 501 1870 530 tam
1895 496 2092 547 indignum
2121 504 2187 552 ju-

1169 556 1259 593 gum
1277 546 1491 584 cervicibus
1513 556 1588 585 tam
1607 564 1823 591 numerosae
1845 558 2099 598 multitudinis
2122 579 2189 601 re-

1168 605 1394 655 ligiosorum
1409 609 1581 647 virorum
1601 625 1800 651 servorum
1819 625 1987 666 tuorum,
2003 622 2186 663 adversus

1168 674 1352 704 statutum
1372 677 1479 706 tuum
1493 701 1503 718 ,
1523 680 1560 708 et
1581 674 1813 722 promissum
1846 682 1985 716 suum?
2006 684 2162 732 Inquire
2176 716 2185 733 ‚

1167 730 1293 774 Pater,
1320 729 1470 780 inquire
1496 731 1711 783 diligenter,
1733 738 1845 786 quale
1876 740 1993 778 homo
2023 743 2106 789 ille,
2127 748 2187 784 eui

1167 787 1320 826 festinat
1334 804 1490 829 manum
1508 793 1724 844 imponere,
1751 799 2011 839 testimonium
2032 803 2184 851 habeat,

1166 858 1202 885 et
1214 849 1261 886 ab
1276 850 1332 888 his
1346 853 1413 902 qui
1430 867 1554 905 prope
1569 865 1672 904 sunt,
1694 866 1731 894 et
1744 858 1791 895 ab
1806 860 1863 897 his
1877 863 2077 914 quilonge.
2094 868 2187 905 Mihi

1166 910 1267 947 enim
1284 912 1479 951 interdicit
1496 915 1622 954 dicere
1642 919 1772 968 pudor
1795 922 1899 971 quod
1914 923 2069 973 publiea
2093 928 2190 965 fama

1165 971 1212 1009 de
1232 986 1277 1009 eo
1300 973 1403 1022 dicit,
1423 976 1500 1014 imo
1522 978 1720 1017 infamatio
1739 982 1987 1022 celeberrima
2009 986 2190 1039 divulga-

84 1039 122 1069 et
149 1044 236 1068 ecce
261 1029 458 1067 tribulatio
487 1039 525 1067 et
558 1030 730 1080 angustia
759 1031 992 1069 invenerunt
1025 1047 1096 1070 me.
1119 1034 1147 1068 B
1167 1033 1233 1070 vit.
1263 1037 1309 1071 Et
1324 1037 1416 1086 quid
1434 1037 1581 1076 dicam?
1600 1041 1730 1079 Tristis
1747 1052 1802 1080 est
1820 1045 1946 1082 anima
1967 1060 2050 1084 mea
2068 1063 2191 1100 usqu<-

84 1095 142 1130 En
162 1092 306 1129 lectulo
328 1090 575 1128 recubantem
596 1092 682 1141 plus
703 1092 854 1140 cordis,
876 1107 990 1143 quam
1014 1108 1102 1131 cor-

84 1154 189 1205 poris
223 1153 337 1190 dolor
365 1153 571 1190 excruciat.
599 1157 676 1191 Nec
703 1154 803 1190 enim
836 1167 906 1203 ego
938 1154 1100 1205 deploro

84 1215 296 1266 temporale
322 1213 612 1250 incommodum
637 1214 772 1251 ullum.
794 1215 934 1252 Anima
958 1229 1041 1253 mea
1061 1216 1100 1253 in

82 1275 260 1313 manibus
291 1275 411 1312 meis:
435 1276 535 1312 salus
564 1274 647 1324 ejus
673 1275 713 1311 in
743 1289 857 1313 causa
877 1285 945 1313 est.
972 1278 1102 1314 Placet

82 1335 212 1382 vobis,
246 1344 290 1373 ut
309 1336 364 1372 illi
384 1335 532 1372 homini
565 1335 719 1372 credam
749 1337 914 1373 animam
950 1350 1072 1374 meam
1090 1367 1099 1384 ,

83 1398 150 1449 qui
165 1397 334 1449 perdidit
351 1399 482 1434 suam?
499 1397 585 1435 Scio
601 1397 692 1447 quia
704 1411 783 1434 non
799 1398 936 1448 placet.
953 1401 1101 1446 Quam-

85 1458 218 1498 obrem
248 1458 328 1495 dixi
359 1458 498 1495 animae
530 1471 625 1495 meae
661 1457 846 1508 expedire
865 1459 983 1508 magis
1004 1459 1101 1496 inire

84 1520 230 1571 fugam,
253 1533 369 1569 quam
396 1528 435 1556 et
453 1532 618 1556 moerore
650 1532 877 1556 consumere
904 1520 1101 1557 residuum

86 1580 233 1618 dierum
251 1594 426 1618 meorum
440 1609 450 1627 ,
471 1588 509 1617 et
529 1580 782 1617 nihilominus
814 1580 852 1617 in
884 1581 1101 1631 periculum

85 1641 215 1679 salutis
236 1640 419 1679 incidere.
445 1646 496 1679 At
520 1645 627 1679 Deus
654 1640 766 1678 vobis
787 1641 917 1692 potius
940 1642 1103 1692 inspiret

85 1702 188 1754 quod
208 1703 338 1754 potius
355 1711 431 1750 est;
463 1702 650 1740 reducere
677 1703 857 1740 videlicet
879 1703 926 1740 ad
948 1718 1101 1741 memo-

85 1763 178 1801 riam
208 1763 259 1815 (si
280 1764 440 1814 (lignum
457 1763 669 1815 judicatis)
704 1764 868 1814 qualiter
900 1764 1101 1802 vobiscum

85 1825 246 1876 egerim,
269 1834 307 1863 et
339 1838 487 1876 ponere
517 1825 650 1862 oculos
686 1825 838 1875 pietatis
865 1839 982 1876 super
1007 1840 1103 1877 pue—
1123 1827 1150 1863 C

85 1900 168 1924 rum
187 1896 357 1924 vestrum
370 1916 380 1933 ,
403 1895 442 1930 et
455 1885 622 1924 liberare
640 1886 827 1923 afflictum
844 1887 891 1923 de
913 1888 1101 1937 angustia.

84 1948 183 1997 Quin
204 1949 334 1998 potius
358 1962 437 1985 non
459 1947 635 1985 oblivisci
655 1956 801 1997 quanta
819 1951 923 1985 Deus
941 1949 1023 1998 ipse
1045 1948 1102 1986 fe-

85 2008 176 2046 cerit
203 2008 337 2056 vobis,
366 2009 462 2046 etin
490 2009 859 2059 quantulaecumque
893 2009 1016 2046 vicem
1046 2023 1104 2046 re-

85 2070 428 2120 compensationis,
457 2069 506 2107 ad
524 2070 645 2120 ipsius
680 2070 841 2120 gloriam
857 2100 866 2117 ‚
897 2070 1003 2120 quod
1026 2079 1103 2107 tam

76 2142 283 2180 *perperam
305 2131 448 2168 factum
469 2140 551 2178 est,
574 2144 770 2168 revocare.

85 2273 192 2289 spu-mv-
197 2274 221 2283 ιι
228 2275 379 2285 ιιιννινιιιι
386 2276 657 2286 ιιι-ηιιηιπιςιιιιι»
664 2277 700 2285 xxv
707 2277 777 2285 xmzxx
785 2277 1027 2285 =1====11xx=sx=x==
1033 2277 1102 2286 xxx--

231 2365 607 2424 EPISTOLA
666 2363 975 2424 CLXVII?

222 2551 268 2573 AD
296 2549 483 2581 EEMDEM,
515 2549 588 2572 PRO
617 2549 748 2572 EODEM
779 2549 958 2572 NEGOTIO.

1117 2603 1151 2636 D

137 2658 437 2697 clementissime
473 2663 618 2706 Pater,
664 2672 795 2696 nonne
839 2659 1103 2709 praecipiendo

89 2720 299 2770 praecepisti
328 2721 369 2757 in
410 2719 645 2769 Lingonensi
683 2719 854 2756 Ecclesia
898 2732 1103 2769 personam

90 2778 173 2829 eligi
186 2781 401 2831 religiosam
424 2788 539 2830 atque
558 2779 739 2817 idoneam
753 2809 762 2826 ‚
781 2788 819 2817 et
835 2779 882 2816 ad
901 2781 1104 2818 consilium

90 2840 197 2888 pueri
227 2841 312 2879 tui?
343 2845 482 2879 Nonne
514 2840 693 2878 dominus
729 2840 999 2890 Lugdunensis
1031 2841 1105 2878 hoc

2 2914 16 2919 ⁷³
44 2919 45 2922 ¹
66 2905 68 2921 '
90 2898 212 2950 ipsum
227 2901 450 2945 mandatum
469 2915 517 2938 ex
533 2901 745 2952 apostolico
765 2914 832 2938 ore
851 2910 918 2938 tuo
935 2915 1106 2951 praesens

67 2979 70 3018 }
92 2962 239 3012 excepit
263 2970 340 3000 tam
369 2962 535 3000 fideliter
564 2971 859 3007 exsecuturum,
890 2976 1007 3012 quam
1036 2964 1106 3000 fir-

92 3021 201 3059 miter
228 3022 473 3073 injunctum‚
505 3037 548 3061 ac
580 3023 804 3073 frequenter
837 3023 1106 3061 inculcatum?

93 3093 218 3120 nonne
237 3084 402 3135 denique
428 3094 466 3123 et
491 3085 731 3136 spopondit?
749 3084 849 3133 Quid
869 3098 960 3135 ergo
980 3085 1106 3122 visum

94 3150 149 3180 est
165 3144 383 3191 ei‚mutare
396 3146 564 3184 voluisse
588 3146 694 3196 quod
718 3146 919 3183 utilissime
949 3155 987 3183 et
1012 3161 1108 3184 con-

96 3203 291 3242 sultissime
319 3214 502 3244 statutum
530 3207 677 3254 fuerat,
709 3206 890 3257 aliudque
920 3221 987 3244 sua
1011 3221 1108 3259 prae-

145 3345 159 3361 ²
172 3345 291 3388 Scripta
306 3358 388 3379 anno
401 3348 516 3381 Clu-isti
538 3339 548 3380 l
564 3352 639 3381 138.
666 3369 711 3374 -
729 3343 745 3366 ¹³
763 3350 883 3393 Scripta
896 3351 1007 3382 eodem
1022 3363 1117 3384 anno.

1168 1094 1215 1131 ad
1237 1096 1377 1146 sugam.
1400 1102 1447 1135 Et
1462 1098 1540 1148 jam
1561 1101 1719 1139 forsitan
1735 1104 1934 1154 fugissem,
1954 1108 2024 1145 nisi
2050 1123 2109 1147 me
2134 1126 2191 1148 re-

1169 1155 1343 1193 tinuisset
1364 1161 1638 1199 consolationis
1656 1176 1755 1213 spes,
1780 1179 1893 1214 quam
1914 1167 1960 1204 de
1979 1169 2188 1208 visceribus

1168 1217 1305 1253 vestris
1318 1229 1512 1268 exspecto.
1526 1222 1711 1260 Volebam
1734 1225 1900 1263 scribere
1924 1242 1994 1277 per
2010 1231 2185 1269 ordinem

1168 1277 1528 1327 perlacrymabilem
1545 1284 1707 1321 miseriae
1726 1295 1866 1323 nostrfe
1881 1288 2077 1327 historiam
2097 1308 2104 1329 z
2123 1295 2188 1330 sed

1169 1351 1248 1387 prae
1281 1339 1433 1377 tristitia
1458 1343 1613 1393 languet
1644 1359 1805 1393 manus,
1833 1362 1966 1386 sensus
1995 1351 2186 1399 hebescit,

1169 1398 1303 1435 horret
1333 1400 1463 1451 lingua
1493 1404 1624 1453 eloqui
1649 1408 1855 1456 malignam
1885 1410 2082 1458 fraudem,
2123 1416 2187 1451 sed

1169 1458 1484 1511 subreptionem,
1514 1466 1580 1502 sed
1614 1467 2009 1519 circumventionem,
2036 1475 2102 1510 sed
2134 1485 2190 1513 te—

1170 1523 1406 1570 meritatem,
1442 1526 1508 1562 Sed
1544 1529 1759 1577 perfidiam.
1791 1532 1892 1580 Quid
1925 1538 2045 1583 ergo?
2071 1537 2188 1575 Filius

1171 1591 1259 1620 tuus
1279 1586 1440 1623 Pontius
1458 1588 1765 1635 archidiaconus,
1787 1593 1852 1642 qui
1874 1595 1961 1630 etin
1984 1595 2053 1632 hac
2077 1612 2188 1636 causa

1171 1654 1394 1683 constanter
1420 1648 1662 1700 fideliterque
1694 1665 1732 1688 se
1754 1652 1905 1699 habuit,
1930 1665 2065 1694 cuncta
2098 1660 2185 1706 tibi,

1170 1709 1303 1754 Pater,
1334 1708 1527 1757 narrabit,
1553 1720 1590 1747 et
1614 1712 1706 1762 quid
1739 1714 1877 1751 factum
1907 1715 2128 1766 doleamus,
2153 1730 2190 1757 et

1171 1768 1264 1818 quid
1286 1769 1502 1808 faciendum
1525 1772 1751 1822 flagitemus.
1775 1776 1853 1825 Ipsi
1874 1777 1987 1814 crede
2008 1787 2188 1830 tanquam

1172 1831 1277 1868 mihi.
1306 1835 1387 1882 Ego
1417 1842 1545 1871 autem
1573 1835 1646 1872 hoc
1668 1850 1788 1873 unum
1814 1847 1855 1874 ut
1882 1841 2102 1888 parturiens
2129 1843 2189 1879 lo—

1171 1905 1271 1942 quor
1292 1908 1300 1929 :
1324 1895 1395 1931 nisi
1416 1895 1478 1932 isti
1500 1910 1520 1933 a
1545 1905 1619 1934 tam
1642 1899 1827 1936 scelerato
1851 1908 2003 1951 tamque
2027 1911 2189 1942 temera-

1172 1955 1230 1991 rio
1251 1968 1346 1993 ausu
1368 1956 1565 2005 deficiant,
1592 1968 1633 1995 ut
1660 1974 1720 1996 me
1751 1961 1877 2011 ipsum
1908 1976 2011 2000 nunc
2039 1967 2187 2013 sentio,

1171 2016 1323 2053 deficiet
1360 2019 1397 2055 in
1434 2018 1569 2056 dolore
1597 2021 1672 2058 vita
1705 2035 1810 2067 mea,
1850 2031 1887 2059 et
1919 2025 2010 2061 anni
2043 2027 2118 2064 mei
2150 2029 2189 2065 in

1171 2077 1388 2127 gemitibus.

1169 2275 2191 2291 ιιιιιιιιιιιιιιιιιιιιιιιιιιιιιιιιιιιιιιιιιιιιιιιιιιιιιιιιιιιιιιιιιιιιιι

1288 2387 1667 2444 EPISTULA
1738 2381 2082 2447 CLXVIII.h

1169 2541 1215 2561 AD
1255 2538 1454 2562 EPISCOPOS
1500 2539 1546 2561 ET
1587 2539 1816 2561 CARDINALES
1857 2540 2015 2564 aozuxe
2059 2544 2190 2569 cram,

1594 2660 1675 2684 [nde
1688 2668 1784 2692 supra.

1226 2783 1258 2819 1.
1289 2784 1367 2818 Vos
1396 2780 1521 2825 scitis,
1554 2780 1584 2817 51
1610 2780 1770 2830 dignum
1797 2780 1934 2817 ducitis
1965 2782 2186 2829 recordari,

1173 2843 1338 2894 qualiter
1363 2841 1566 2880 vobiscum
1592 2842 1632 2879 in
1655 2851 1829 2892 tempore
1856 2843 1958 2879 malo
1986 2856 2191 2881 conversa-

1174 2913 1235 2942 tus
1261 2905 1331 2942 sim
1347 2934 1356 2951 ,
1377 2903 1600 2954 egrediens,
1628 2912 1666 2941 et
1690 2903 1933 2954 regredienS,
1963 2913 2000 2941 et
2026 2919 2190 2955 pergens

1173 2965 1221 3002 ad
1252 2965 1458 3015 imperium
1490 2965 1613 3015 regis,
1646 2964 1856 3015 persistens
1882 2978 1924 3002 ac
1958 2979 2190 3016 permanens

1172 3025 1375 3063 vobiscum
1408 3026 1448 3062 in
1475 3025 1752 3062 tentationibus
1777 3026 1935 3072 vestris,
1954 3026 2004 3063 ita
2026 3035 2068 3063 ut
2093 3041 2190 3064 con-

1174 3087 1337 3137 sumptis
1369 3099 1468 3136 peue
1498 3085 1646 3123 viribus
1674 3087 1871 3136 corporis,
1892 3087 1956 3122 vix
1985 3095 2073 3136 post
2097 3086 2186 3122 red-

1174 3147 1292 3184 ditam
1328 3147 1476 3184 coelitus
1500 3160 1635 3198 pacem
1667 3147 1843 3184 Ecclesiae
1878 3146 2084 3195 repatriare
2117 3158 2190 3194 po-

1175 3209 1326 3247 tuerim.
1377 3212 1425 3246 Et
1473 3209 1604 3246 recolo
1650 3209 1749 3254 hoc,
1791 3221 1866 3244 non
1917 3207 2082 3255 glorians
2125 3213 2189 3240 aut
