2533 3920
2375 239 2448 277 204

1444 325 1573 348 rerum
1593 313 1828 349 exteriorum
1845 342 1855 359 ,
1880 322 1921 350 ut
1943 315 2044 351 norit
2061 328 2129 365 per
2148 316 2277 353 omnia
2296 329 2452 367 praepo-

361 395 1376 408 .....................................................................
1392 372 1424 418 A
1442 384 1534 408 nere
1556 385 1686 409 curam
1709 372 1936 410 animarum.
1961 378 2070 412 Certe
2088 374 2239 412 duobus
2263 384 2502 415 1110035104..-

360 230 434 267 203
1139 238 1173 272 S.
1203 234 1457 271 BERNARDI
1487 236 1688 271 ABBATIS

1392 309 1419 327 61

543 510 918 566 EPISTOLA
962 508 1188 566 LVIII.a

439 678 486 699 AD
517 678 665 700 EBALL‘M
697 677 1019 701 CATALAL‘NENSEM
1047 678 1256 701 EPISCOPCM
1274 667 1301 702 ᾖ.

365 795 516 823 Hortatur
543 791 695 830 Ebalum,
725 797 759 823 ut
784 792 972 823 monasterio
991 803 1045 823 seu
1070 793 1207 823 ecelesiae
1225 794 1375 825 Omnium

505 848 690 877 Sanctorum
712 846 814 878 virum
832 846 981 878 idoneum
998 847 1114 889 praelici
1129 853 1228 879 curet.

362 967 530 1004 Domino
549 969 675 1003 EBALO
698 967 909 1004 venerabili
926 976 1064 1005 sancta]
1086 968 1373 1007 Catalaunensis

420 1027 598 1064 Ecclesiae
614 1027 684 1063 Dei
705 1028 823 1076 gratia
844 1028 1046 1077 episcopo,
1067 1028 1181 1064 frater
1200 1032 1372 1065 Bruma-

1442 430 1527 477 riis‚
1550 433 1668 469 sancti
1694 432 1870 469 videlicet
1895 434 2021 480 Petri,
2048 443 2086 471 et
2115 435 2234 472 sancti
2258 435 2407 474 Urbani
2419 435 2454 484 ’ζ

1442 492 1622 540 pastorali
1649 492 1854 541 aliquando
1880 494 2015 530 solatio
2044 494 2218 531 similiter
2236 494 2450 542 destitutis,
2493 498 2501 503 ”

1443 549 1558 587 bonae
1594 553 1787 589 memoriae
1828 553 2087 603 praedecessor
2125 563 2253 592 vester
2288 555 2454 596 domnus

1442 610 1669 648 Guillelmus
1707 626 1785 649 non
1821 613 1925 662 longi
1959 613 2109 651 itineris
2145 613 2340 661 laborem,
2369 627 2458 652 nou*

1442 671 1575 709 hiemis
1607 682 1787 722 reputans
1815 675 2081 723 asperitatem,
2102 673 2162 711 bis
2186 674 2284 726 (nisi
2314 674 2452 727 fallor)

1441 732 1676 779 (ssluniacum,
1695 734 1811 770 semel
1829 735 2033 771 Divionem
2047 747 2118 785 per
2134 748 2173 772 se
2192 734 2320 785 ipsum
2337 734 2451 772 adiit:

1441 791 1606 842 hincque
1622 793 1747 830 virum
1769 793 1915 832 bonum
1936 793 2122 831 domnum
2139 798 2343 844 Hugonem
2356 823 2366 842 ,
2386 795 2455 845 qui

1441 860 1528 901 post
1554 852 1756 890 defunctus
1783 862 1858 900 est;
1884 854 1988 890 illinc
2016 855 2144 892 virum
2168 854 2450 902 venerabilem,

1440 911 1506 959 qui
1536 911 1660 948 adhuc
1690 921 1895 962 superest,
1925 913 2111 951 domnum
2143 913 2353 952 Radulfum
2384 915 2449 951 vix

1441 971 1569 1007 multis
1584 972 1763 1021 precibus
1781 974 2004 1023 impetratos
2026 973 2240 1020 abducens,
2258 974 2451 1024 singulum

1439 1030 1588 1079 singulo
1609 1033 1818 1081 praeposuit
1841 1034 2075 1070 monasterio
2091 1063 2100 1080 ,
2122 1042 2246 1071 tutum
2273 1034 2451 1072 videlicet

418 1100 486 1123 nes
502 1086 618 1123 abbas
635 1087 682 1123 de
702 1088 951 1134 Clara—Valle,
970 1088 1000 1124 si
1017 1087 1107 1137 quid
1131 1097 1259 1138 potest
1280 1102 1365 1139 pec-
1386 1095 1414 1128 B
1435 1104 1512 1126 non
1539 1089 1727 1129 arbitrans
1755 1093 1932 1142 cuiquam
1960 1094 2237 1131 monachornm
2265 1094 2450 1131 domesti-

418 1147 556 1184 catoris
577 1146 713 1183 oratio.

423 1272 455 1308 1.
467 1272 660 1309 Naviculae
680 1272 779 1309 illius
790 1271 852 1323 (de
865 1273 1022 1311 ecclesia
1035 1275 1175 1324 loquor
1190 1276 1370 1313 Omnium

360 1336 586 1369 Sanctorum
594 1332 625 1378 *,
641 1346 726 1382 quae
741 1332 810 1370 sub
826 1334 946 1370 0011115
960 1335 1096 1371 vestris
1114 1335 1372 1384 gubernatore

360 1392 539 1429 destituta
560 1392 740 1443 fluctuat)
759 1407 838 1430 non
865 1402 922 1430 est
944 1393 1089 1431 bonum
1112 1394 1222 1431 vobis
1246 1396 1369 1445 negli-

358 1466 447 1502 gere
465 1454 525 1489 vel
547 1453 784 1490 dissimulare
802 1455 1029 1504 periculum.
1051 1460 1126 1492 Res
1145 1455 1289 1506 quippe
1307 1470 1369 1492 ve-

359 1521 445 1550 strae
466 1526 567 1549 curae
587 1521 654 1549 est.
676 1513 790 1551 [nde
809 1514 938 1561 miror,
961 1528 1035 1564 qua
1057 1516 1225 1562 ratione,
1246 1529 1369 1565 quave

357 1572 558 1609 securitate
574 1587 595 1610 a
608 1573 746 1610 clerico
766 1574 832 1610 illo
845 1602 855 1620 ,
873 1575 939 1623 qui
953 1588 973 1611 a
988 1575 1173 1625 religiosis
1193 1577 1369 1626 personis

355 1634 426 1680 vir,
448 1641 490 1669 ut
510 1633 635 1679 aiunt,
660 1633 858 1682 religiosus
883 1634 1007 1671 eidem
1033 1636 1202 1673 ecclesiae
1225 1638 1368 1674 clectus

354 1701 428 1739 est,
453 1693 685 1742 requirendo
707 1693 886 1731 desistitis
902 1724 911 1742 ,
931 1696 1077 1732 etiamsi
1091 1697 1164 1733 hoc
1180 1711 1370 1747 quorum—

357 1753 466 1799 dam,
482 1753 548 1802 qui
570 1753 609 1789 in
629 1753 712 1803 ipsa
736 1754 893 1791 ecclesia
916 1748 1026 1802 sunt,
1048 1756 1197 1793 incuria
1218 1758 1279 1794 vel
1302 1758 1367 1794 de—

355 1813 450 1850 sidia
472 1827 549 1850 non
574 1823 765 1851 mereatur
789 1830 796 1851 :
822 1815 906 1865 qui,
931 1825 973 1853 nt
993 1817 1230 1863 andivimus,
1259 1819 1365 1855 illum

355 1875 421 1923 qui
449 1875 591 1911 electus
618 1883 673 1911 est
700 1875 894 1921 nolentes,
924 1890 993 1913 nec
1025 1877 1126 1913 aliud
1161 1878 1231 1914 nisi
1261 1879 1366 1928 quod
1384 1888 1411 1921 C

356 1934 555 1984 religiosus
576 1943 654 1980 est,
673 1934 876 1971 asserentes
892 1934 923 1981 b,
945 1936 992 1972 de
1009 1937 1184 1986 eligendo
1205 1939 1279 1974 alio
1302 1953 1364 1976 ve-

354 2002 469 2030 stram
487 2007 642 2043 quoque
659 1994 740 2030 ausi
757 2003 846 2030 sunt
862 1996 1093 2045 compellare
1108 1998 1362 2036 Gravitatem:

357 2056 466 2105 quasi
481 2055 546 2105 qui
562 2055 738 2092 videatur
755 2068 835 2092 esse
854 2058 1097 2094 communior
1111 2066 1147 2094 ct
1163 2058 1365 2108 affabilior,

356 2117 422 2167 qui
449 2130 528 2153 non
549 2116 596 2153 sit
621 2125 825 2153 extraneus
847 2132 854 2153 ε
879 2117 945 2154 sed
972 2118 1120 2155 civibus
1143 2128 1217 2156 tam
1237 2129 1366 2170 gratus

354 2190 469 2227 quam
499 2177 671 2226 cognitus
687 2205 697 2222 ‚
718 2190 869 2213 morum
900 2179 1032 2228 patriae
1063 2192 1227 2228 gnarus,
1250 2180 1365 2218 rebus

353 2238 520 2274 ecclesiae
539 2236 746 2273 tractandis
766 2237 928 2275 idoneus
945 2253 953 2274 :
972 2239 1105 2276 revera
1120 2239 1131 2290 ξ
1147 2249 1187 2276 ut
1205 2240 1252 2290 ad
1273 2241 1364 2290 istos

354 2298 591 2335 cautissimos
624 2298 862 2335 consultores
893 2312 952 2335 me
982 2300 1151 2351 vertam)
1177 2302 1241 2350 qui
1273 2302 1363 2339 vitia

352 2367 479 2395 vestra
498 2371 577 2394 non
598 2358 814 2407 redarguat,
827 2360 893 2408 qui
914 2360 1062 2397 miserae
1080 2363 1363 2400 conversationi

354 2427 490 2455 vcstrae
508 2448 518 2465 ‚
543 2426 608 2455 aut
633 2419 866 2466 consentiat,
897 2429 962 2457 aut
992 2421 1253 2460 contradicere
1284 2437 1362 2472 non

353 2479 502 2515 audeat.
532 2482 617 2516 Non
638 2487 726 2515 sunt
751 2479 930 2516 audiendi
951 2495 958 2516 :
981 2481 1047 2517 scd
1072 2482 1223 2531 potius,
1245 2483 1364 2520 velint

354 2539 497 2584 nolint,
521 2538 745 2575 omnimodo
767 2541 1016 2590 satagendum
1043 2550 1100 2578 est
1120 2541 1249 2592 vobis,
1271 2552 1314 2579 ut
1333 2544 1364 2581 is

352 2599 419 2648 qui
436 2598 528 2635 boni
545 2599 753 2635 testimonii
771 2608 846 2646 est,
865 2601 1034 2637 ecclesiae
1051 2601 1230 2638 desolatae
1245 2616 1364 2651 quan-

1440 1164 1574 1187 corum
1593 1151 1696 1188 illam
1717 1153 1956 1189 committere
1976 1166 2119 1190 curam.
2140 1153 2254 1202 Quod
2273 1153 2360 1191 ideo
2380 1167 2450 1191 vo·—

1439 1210 1497 1248 bis
1513 1212 1551 1248 in
1565 1213 1785 1262 exemplum
1801 1213 1963 1260 adduxi,
1986 1222 2027 1250 nt
2043 1211 2206 1251 vestram
2226 1214 2449 1252 charitatem

1439 1273 1777 1309 commonefaciam
1790 1302 1800 1318 ‚
1824 1274 1988 1323 qualiter
2008 1282 2046 1311 et
2067 1275 2108 1311 in
2129 1274 2202 1312 hoc
2224 1274 2329 1325 quod
2345 1287 2448 1311 nunc

1439 1333 1477 1369 in
1499 1333 1675 1370 manibus
1702 1343 1777 1381 est,
1801 1343 1979 1385 oporteat
2003 1349 2085 1372 eam
2110 1348 2192 1373 esse
2218 1348 2298 1373 non
2322 1335 2449 1373 minus

1439 1401 1586 1430 cautam
1599 1423 1608 1440 ,
1627 1407 1741 1443 quam
1763 1394 1976 1431 sollicitam.

1438 1539 1462 1548 s=
1468 1540 1506 1548 ιιι
1513 1539 1695 1548 ιιιι-ιιιιιιιι
1700 1539 1955 1549 ιιιιειιιὶιιιιιιιι.
1961 1540 2231 1550 ιιι-ιι-ειιιιιιιιηνι
2234 1540 2446 1551 ιιιιιιιιιιιιι

1645 1662 1914 1719 EPISTO
1927 1664 1965 1718 L
1977 1663 2018 1719 A
2064 1662 2238 1720 LIX.c

1507 1824 1554 1846 AD
1585 1822 1810 1846 GULENCL'M
1839 1822 2115 1847 LINGONENSEM
2144 1822 2369 1847 Episcopum.

1430 1942 1582 1971 Hortatur
1595 1945 1627 1970 ut
1642 1950 1689 1970 res
1702 1938 1853 1980 quasdam
1866 1938 2002 1969 ecclesiae
2016 1940 2047 1970 S.
2062 1937 2212 1980 Stephani
2230 1937 2443 1975 Divionensis,

1477 2005 1534 2036 per
1555 1994 1676 2025 obitum
1694 1994 1841 2025 Garnerii
1859 1999 2020 2030 vacantes,
2041 1993 2080 2024 ad
2103 1992 2275 2024 tollendam
2292 1993 2446 2026 scandalis
2483 1991 2487 1995 ’

1479 2056 1509 2081 et
1528 2050 1691 2081 calumniis
1708 2059 1834 2088 ansam,
1853 2048 1954 2080 eidem
1973 2048 2111 2080 ecclesiae
2129 2048 2231 2080 cedat.

1432 2177 1600 2214 Domino
1632 2189 1702 2213 suo
1734 2184 1772 2213 et
1807 2176 1907 2226 patri
1936 2178 2140 2214 chJcho
2159 2174 2191 2222 d,
2221 2176 2292 2212 Dei
2323 2175 2443 2224 gratia

1484 2237 1719 2286 Lingonensi
1748 2236 1953 2287 episcopo,
1973 2236 2090 2272 frater
2113 2239 2338 2272 Bam-Amans
2363 2236 2443 2274 Cla-

1485 2298 1676 2336 rae-Vallis
1692 2297 1831 2343 abbas,
1861 2309 1900 2333 se
1921 2297 2059 2346 ipsum.

1482 2423 1626 2459 Audito
1649 2422 1758 2459 obitu
1778 2421 1924 2458 domini
1941 2420 2116 2460 Garnerii
2135 2420 2392 2458 archidiaconi
2405 2423 2437 2468 *‚

1430 2483 1682 2520 necessarium
1697 2482 1875 2519 duximus
1891 2489 2052 2517 vestram
2068 2480 2338 2517 paternitatem
2354 2494 2440 2531 pre—

1430 2543 1535 2579 cibus
1567 2542 1778 2591 praevenire
1799 2569 1808 2586 ‚
1835 2541 1911 2577 imo
1939 2540 2171 2591 praemunire
2201 2541 2386 2587 consilio,
2409 2541 2438 2578 si
2471 2530 2497 2581 ⁹,

1430 2612 1554 2639 tamen
1570 2602 1725 2651 dignum
1740 2601 1881 2650 putatis
1894 2601 2049 2637 monitis
2067 2609 2206 2636 nostrae
2224 2601 2438 2650 acquiesce-

353 2659 473 2696 tocius
499 2659 767 2708 perquiratur:
791 2660 971 2708 qnoniam
997 2661 1026 2696 si
1049 2661 1132 2697 talis
1159 2670 1215 2697 cst
1241 2663 1363 2710 qualis
1381 2671 1413 2703 D
1433 2677 1471 2699 re
1488 2662 1685 2712 parvitatis
1707 2677 1714 2698 :
1737 2670 1925 2711 quatenus
1956 2661 2131 2697 videlicet
2159 2660 2206 2697 de
2225 2660 2339 2698 rebus
2355 2674 2439 2698 san-

354 2717 595 2767 praedicatur,
615 2722 718 2755 Deus
738 2719 873 2767 procul
904 2718 1022 2755 dubio
1043 2733 1128 2756 cum
1154 2720 1237 2770 ipso
1263 2723 1334 2758 erit
1349 2753 1358 2768 ,

351 2777 417 2825 qui
438 2789 543 2813 suam
562 2777 595 2812 ei
610 2777 767 2829 gra-tiam
787 2778 1033 2825 ministrabit,
1050 2780 1262 2829 placentem
1281 2795 1359 2818 om-

351 2836 462 2873 nibus
479 2864 488 2881 ‚
512 2837 703 2873 efficacem
726 2838 763 2873 111
786 2838 976 2875 omnibus.

404 2894 440 2931 2.
462 2895 574 2943 Quod
595 2896 624 2931 si
646 2896 769 2941 hune,
792 2897 871 2933 istis
894 2898 1050 2935 sortasse
1072 2913 1148 2935 non
1175 2903 1357 2939 merenti-

349 2954 420 2991 bus
434 2984 443 3000 ,
467 2955 572 2991 nullo
594 2955 710 2991 modo
731 2955 861 2993 haberi
886 2971 997 3007 posse
1018 2960 1242 3009 eontigerit;
1264 2963 1358 3000 alius

349 3015 396 3051 de
416 3015 487 3051 alia
509 3015 777 3065 qualicumque
799 3016 914 3053 domo
938 3019 1111 3068 religiosa
1137 3021 1201 3069 qui
1228 3023 1357 3059 videa-

349 3082 410 3110 tur
427 3073 608 3119 idoneus,
630 3075 901 3123 provideatur:
922 3090 998 3113 11011
1024 3079 1174 3127 qualem
1202 3080 1260 3116 isti
1289 3095 1357 3117 vo-

347 3134 450 3178 lunt,
474 3133 539 3183 qui
571 3134 640 3170 nisi
665 3134 769 3182 quod
796 3148 872 3171 suze
906 3138 1113 3174 carnalitati
1142 3138 1355 3188 blanditur,

349 3193 483 3229 volunt
518 3207 524 3228 :
562 3193 626 3229 sed
662 3193 727 3242 qui
758 3194 809 3230 sic
837 3196 929 3231 sciat
965 3199 1114 3246 negotia
1152 3199 1355 3248 disponere

1429 2723 1477 2759 cti
1493 2722 1674 2772 Stephani
1689 2721 1929 2758 Divionensis
1945 2750 1954 2767 ,
1975 2734 2069 2770 quas
2091 2720 2267 2767 tenebat,
2290 2722 2439 2771 placeat

1427 2782 1640 2819 liberalitati
1664 2791 1798 2818 vestrae
1823 2781 2122 2818 miscricordiam
2150 2783 2437 2832 superexaltare

1421 2843 1580 2891 judicio.
1618 2842 1813 2891 Siquidem
1855 2854 1933 2878 non
1966 2841 2188 2890 ignoramus
2209 2870 2219 2888 ‚
2252 2840 2358 2890 quod
2395 2841 2434 2878 in

1427 2916 1579 2938 manum
1604 2910 1765 2937 vestram
1789 2901 1952 2938 debeant
1974 2900 2120 2946 redire,
2139 2899 2247 2949 juxta
2269 2901 2373 2950 quod
2395 2901 2433 2937 in

1425 2963 1599 3012 Capit-ulo
1622 2962 1853 3011 Lingonensi
1875 2961 2124 3011 dispositum,
2139 2969 2177 2998 et
2202 2962 2344 3011 scripto
2365 2962 2432 2998 tir-

1426 3033 1566 3059 matum
1599 3023 1709 3060 tuisse
1740 3023 1852 3059 ctiam
1881 3035 1952 3073 nos
1984 3021 2249 3068 meminimus,
2275 3021 2431 3071 quando

1426 3083 1523 3119 lilius
1556 3091 1680 3118 vester
1709 3081 1920 3118 Han-bertus
1945 3081 1983 3117 in
2009 3080 2166 3117 eeclesia
2195 3074 2259 3117 illa
2285 3081 2430 3130 primus

1423 3141 1539 3179 abbas
1566 3141 1747 3191 regularis
1770 3141 2000 3178 constitutus
2016 3148 2084 3177 est.
2110 3139 2183 3178 Sed
2203 3140 2291 3189 quia
2315 3152 2430 3176 cano-

1424 3203 1516 3240 nicis
1532 3203 1655 3252 gravis
1670 3201 1851 3245 scandali,
1868 3209 1905 3237 et
1919 3200 2046 3237 abbati
2064 3200 2190 3249 magni
2204 3199 2429 3250 improperii

386 3325 397 3338 ³
426 3322 545 3364 Scripta
563 3323 645 3354 cirea
661 3334 776 3355 annum
805 3328 814 3356 l
829 3327 902 3357 1213.
918 3345 963 3348 —
978 3320 992 3342 ¹¹
1019 3329 1122 3367 Alias,
1143 3338 1328 3363 asserentes.
1346 3352 1390 3357 —-
1405 3341 1416 3354 ¹·
1443 3333 1562 3375 Scripta
1581 3345 1662 3364 anno
1681 3332 1792 3365 Christi
1823 3336 1831 3363 1
1848 3335 1920 3363 ΙἮ).

421 3375 599 3413 wilencus,
619 3376 687 3407 aliis
704 3383 732 3408 et
751 3378 958 3418 Guillermus,
974 3392 1009 3411 ex
1025 3382 1244 3415 archidiacono
1260 3386 1459 3428 Liugonemi,
1478 3387 1560 3429 apud
1575 3387 1744 3418 Pet-ardum
1763 3387 1793 3417 111
1811 3385 2014 3428 Burgundieis
2031 3383 2257 3422 Muuumffltllss
2276 3393 2346 3426 Pul-3·
2365 3385 2422 3415 ⁸7·

2416 3825 2457 3920 1

2494 419 2506 432 4

2494 441 2507 473 'i

2530 770 2533 863 1

2524 1073 2533 1247 ,1

2523 1243 2533 1343 3

2528 1354 2533 1418 l

2526 1424 2533 1529 ἓ

2503 3239 2514 3442 Ξ

2494 3532 2509 3755 l

2482 3772 2522 3920 11
