2517 3936
67 195 164 232 1345

693 200 978 236 TRACTATLS
1007 202 1072 235 DE
1102 203 1372 239 DILIGENDO
1404 207 1510 240 mlo.

2035 221 2130 256 1:316

63 274 178 322 mari,
196 273 262 310 sed
279 273 452 310 consumi
470 286 590 310 vacuo
608 273 738 312 labore
753 277 983 324 accelerant,
998 275 1302 326 qui⁵⁹²licndant
1315 308 1324 325 ,
1355 293 1466 328 quem
1490 284 1771 331 3111116116111161(-
1803 291 1869 326 nisi
1890 302 1974 341 post
2001 297 2124 332 omnia

62 347 192 371 rerum
221 334 340 383 magis
367 333 511 384 specie,
538 339 653 382 'quani
681 343 836 372 auctore
863 336 1063 381 delectati,
1084 337 1115 370 A
1136 338 1301 374 nolunt?
1324 339 1535 376 Distortuni
1554 342 1642 385 iter,

60 393 166 444 prius
175 393 353 430 universa
366 405 605 443 percurrere,
623 401 661 429 et
672 393 718 429 de
735 394 893 443 singulis
906 395 1067 444 cupiunt

60 454 249 504 experiri,
277 467 392 503 quam
423 453 470 490 ad
491 453 615 503 ipsum
649 462 783 490 curent
809 455 1066 492 universitatis

58 515 268 553 Dominum
297 514 511 565 pervenire.
536 516 584 550 Et
612 512 767 562 quidem
794 515 1063 563 pervenirent,

59 574 90 612 si
109 574 342 624 quandoque
367 573 449 611 voti
477 581 684 623 compotes
699 573 798 610 effici
818 583 999 623 possent,
1024 583 1066 612 ut

59 635 188 672 omnia
225 634 394 679 scilicet,
426 641 567 684 praeter
605 632 778 669 omnium
807 634 1063 683 principium,

58 707 158 732 unus
178 695 316 744 aliquis
333 693 540 730 obtineret.
565 696 618 730 Ea
637 705 803 742 namque
821 706 897 730 suae
919 694 1067 743 cupidi—

57 754 142 792 tatis
173 755 278 805 lege,
314 768 390 804 qua
420 755 460 791 in
495 752 609 790 rebus
649 753 794 790 caeteris
823 767 902 790 non
937 753 1065 790 habita

61 828 142 866 prae
169 815 309 852 habitis
332 815 492 862 esurire,
515 822 553 852 et
573 828 644 865 pro
670 827 750 851 non
775 812 912 851 habitis
936 814 1066 851 habita

57 875 225 912 fastidire
244 875 412 923 solebat3
440 888 532 912 mox
559 874 741 912 omnibus
769 887 854 925 quae
876 874 917 911 in
947 876 1065 923 coelo,

55 944 95 973 et
120 949 206 986 quae
232 936 272 973 in
296 944 397 973 terra
430 944 520 973 sunt
549 934 716 972 obtentis
747 943 785 973 et
812 935 1065 986 contemptis,

57 995 210 1033 tandem
231 996 280 1033 ad
310 996 437 1047 ipsum
463 996 601 1047 procul
629 987 748 1033 dubio
767 1005 967 1043 curreret,
1001 997 1066 1046 qui

1672 354 1707 380 ct
1728 348 1902 387 circuitus
1931 353 2097 392 inlinitus
2113 386 2122 401 ,

1133 407 1269 434 cuncta
1286 399 1461 448 primitus
1481 409 1666 438 3116111316
1688 406 1792 442 rcllc.

1187 458 1248 494 21.
1281 462 1407 495 Justus
1437 469 1561 496 autem
1598 475 1672 498 non
1703 464 1763 500 ita.
1795 469 1958 506 Audiens
1990 485 2123 522 ncinpc

1135 517 1454 567 vituperationem
1490 521 1696 557 inultorum
1738 530 2051 567 commorantium
2087 534 2123 568 111

1133 576 1291 613 6116111111
1314 577 1325 627 (J
1337 578 1445 614 multi
1465 579 1564 615 6111111
1585 590 1672 616 511111
1701 582 1799 619 viani
1827 585 1936 622 latam
1967 601 2124 637 pergen-

1134 644 1209 681 tes,
1233 649 1318 685 quae
1348 637 1450 673 ducit
1471 638 1517 674 ad
1545 641 1727 691 mortem)
1744 670 1752 686 ,
1786 643 1865 691 ipsc
1894 645 1963 681 51111
1989 649 2125 695 regiain

1134 695 1237 744 eligit
1258 696 1378 743 viani,
1403 711 1479 734 non
1501 698 1693 736 declinans
1713 701 1759 737 ad
1789 702 1980 741 dcxtcram
2003 708 2059 742 x-cl
2081 708 2125 743 ad

1133 754 1335 791 sinistram.
1354 757 1525 806 Denique
1542 766 1740 795 attestante
1757 762 1965 811 proplicta,
1989 767 2127 801 Semini

1123 815 1220 860 justi
1233 825 1332 851 recta
1346 827 1411 862 est,
1426 823 1529 854 rectis
1543 821 1751 865 callisjustc'
1765 824 1818 856 ml
1828 823 2088 861 ambulmnlmn
2100 825 2125 862 ⁵.

1132 875 1181 911 Hi
1198 884 1304 923 sunt,
1323 877 1387 925 qui
1412 877 1553 914 salubri
1571 881 1798 929 compendio
1817 883 1914 918 cauti
1932 893 2020 920 sunt
2043 898 2126 921 ino—

1131 934 1266 971 165111111
1285 936 1386 973 1111116
1406 946 1442 973 61
1467 938 1745 976 infructuosum
1762 942 1880 978 vitare
1904 944 2098 981 circuitum
2115 974 2125 991 ,

1131 994 1290 1032 verbum
1321 996 1583 1034 abbreviatum
1603 1007 1640 1035 61
1668 999 1894 1038 abbrevians
1921 1003 2124 1052 eligentes,

55 1056 161 1094 solus
182 1056 330 1094 deesset
349 1056 523 1094 omnium
543 1059 660 1094 Deus.
680 1060 803 1094 Porro
823 1056 877 1093 ibi
895 1057 1065 1107 quiesce-
1082 1057 1109 1091 Β
1130 1068 1207 1091 non
1239 1069 1378 1106 cupere
1404 1071 1652 1108 quaecumque
1686 1060 1834 1107 vident,
1866 1062 1930 1098 sed
1959 1063 2124 1100 vendere

53 1123 142 1153 ret:
164 1117 255 1166 quia
283 1117 382 1154 sicut
407 1116 502 1153 citra
530 1117 636 1153 nulla
663 1125 819 1154 revocat
851 1118 978 1167 quies,
1011 1118 1063 1154 sic

54 1177 160 1214 nulla
187 1177 287 1214 ultra
317 1176 397 1227 jam
431 1177 658 1227 inquietudo
690 1178 879 1214 sollicitat.
912 1179 1065 1215 Diceret

53 1250 126 1287 pro
155 1245 259 1274 certo
281 1251 290 1274 ε
315 1238 416 1273 Milic·
444 1246 568 1273 autem
597 1238 795 1273 adhaerere
822 1240 902 1273 Deo
930 1236 1062 1273 bonum

55 1305 121 1333 est.
143 1296 320 1343 Diceret,
355 1297 460 1343 Quid
475 1300 575 1332 enim
594 1297 688 1332 mihi
714 1301 823 1332 estin
844 1299 961 1343 coelo,
987 1305 1022 1331 et
1040 1310 1064 1331 α

53 1366 90 1393 te
105 1358 201 1406 quid
212 1359 320 1393 volui
338 1367 454 1405 super
473 1365 610 1392 terram
625 1359 646 1393 Ρ
665 1365 703 1393 61
721 1357 813 1393 116111
828 1386 838 1403 ,
860 1359 963 1392 Deus
983 1370 1065 1392 cor-

9 1431 11 1434 ⁴
50 1418 112 1453 dis
139 1420 235 1462 mei,
270 1425 306 1453 et
324 1430 422 1466 pars
448 1430 534 1453 mea
561 1419 666 1453 Deus
695 1421 733 1452 in
760 1423 982 1453 σείει-12111111.
1006 1417 1065 1454 Sic

7 3147 10 3168 !

6 3170 10 3190 1

8 3203 10 3219 1

7 3248 12 3322 1
37 3279 55 3304 ⁶

0 3404 20 3936 ahda.-

52 1489 143 1526 ergo
161 1475 229 1528 (ut
247 1476 393 1514 dictum
414 1475 494 1528 est)
511 1476 560 1513 ad
575 1476 615 1514 id
636 1477 741 1527 quod
766 1477 954 1527 optimum
982 1486 1060 1525 651,

52 1536 178 1587 quivis
210 1537 374 1587 cupidus
405 1537 624 1587 perveniret
642 1566 652 1583 ,
694 1537 725 1574 si
757 1537 911 1588 quidem
944 1545 1032 1575 ante
1047 1567 1056 1584 ,

51 1596 158 1648 quod
173 1596 269 1634 citra
286 1597 393 1647 cupit
404 1625 415 1643 ,
438 1597 588 1646 assequi
607 1606 748 1647 posset.

106 1657 170 1694 20.
196 1658 340 1695 Verum
367 1657 551 1707 quoniam
570 1656 609 1694 id
640 1657 798 1694 omnino
822 1657 1060 1708 impossibile

49 1717 246 1767 praestruit
263 1725 302 1754 et
315 1718 394 1754 vita
407 1716 576 1764 brevior,
594 1726 632 1754 et
651 1718 773 1755 virtus
789 1718 979 1756 infirmior
990 1747 1000 1764 ,
1023 1726 1061 1755 et

51 1790 213 1815 consors
227 1778 491 1824 numerosi0r3
511 1777 630 1827 longo
657 1778 832 1827 profecto
857 1778 995 1815 itinere
1024 1787 1061 1815 et

1131 1115 1247 1164 magis
1268 1130 1351 1165 quae
1366 1118 1578 1166 possident,
1596 1128 1632 1155 et
1653 1119 1741 1156 dare
1758 1121 1997 1171 pauperibus.
2019 1125 2120 1160 Beati

1130 1175 1242 1224 plane
1260 1189 1469 1227 pauperes,
1495 1179 1674 1227 quoniam
1694 1179 1862 1228 ipsorum
1883 1190 1938 1218 est
1966 1195 2122 1231 regnum

1132 1235 1315 1271 coelorum
1330 1234 1358 1273 ⁶.
1377 1240 1516 1274 Omnes
1538 1238 1689 1287 quidem
1707 1250 1866 1276 currunt
1882 1248 1918 1287 ⁷3
1940 1242 2003 1277 sed
2023 1243 2121 1278 inter

1132 1304 1327 1332 currentes
1347 1295 1584 1334 discernitur.
1616 1299 1788 1348 Denique
1809 1300 1916 1336 novit
1939 1302 2124 1338 Dominus

1130 1354 1229 1390 viam
1245 1354 1455 1404 justorum,
1478 1366 1514 1394 et
1531 1357 1602 1393 iter
1619 1358 1822 1408 impiorum
1841 1359 2015 1409 peribitg.
2035 1361 2124 1397 Ideo

1131 1423 1256 1451 autem
1277 1416 1411 1452 melius
1432 1425 1488 1453 est
1505 1417 1696 1454 modicum
1717 1418 1821 1467 justo
1839 1433 1952 1469 super
1979 1420 2126 1457 divitias

1132 1484 1376 1525 peccatorum
1398 1478 1557 1514 multas9
1571 1506 1580 1523 ,
1599 1479 1779 1527 quoniam
1801 1479 1972 1527 quidem,
1998 1489 2039 1516 ut
2059 1484 2126 1518 Sa-

1133 1536 1242 1584 piens
1262 1537 1431 1586 loquitur
1447 1545 1483 1573 et
1504 1537 1684 1587 insipiens
1702 1539 1908 1587 experitur,
1923 1541 1990 1587 qui
2001 1542 2127 1589 diligit

1123 1599 1334 1645 pecuniam,
1352 1612 1424 1633 ηοιι
1441 1598 1667 1634 saturabitur
1678 1603 1837 1646 pecunia
1852 1606 1900 1634 ¹⁰:
1919 1604 1984 1647 qui
2000 1608 2124 1636 autem

1128 1661 1293 1694 esuriunt
1307 1665 1342 1692 et
1360 1658 1696 1702 sitilmtjaslitiam‚
1719 1662 1788 1706 ipsi
1805 1658 2122 1695 saturabmnur¹¹.

1127 1717 1281 1754 Justitia
1305 1716 1490 1766 siquidem
1518 1718 1663 1753 ratione
1684 1718 1821 1753 utentis
1840 1718 1994 1767 spiritus
2022 1718 2127 1756 cibus

1127 1785 1183 1814 est
1204 1777 1327 1813 vitalis
1349 1784 1385 1812 et
1411 1776 1590 1813 naturalis
1616 1791 1623 1812 :
1654 1777 1814 1826 pecunia
1843 1790 1932 1813 vero
1963 1778 2014 1814 sic
2046 1791 2124 1814 non

53 1850 159 1875 casso
189 1836 321 1875 labore
353 1837 565 1885 desudant,
597 1838 775 1888 quidum
810 1852 1061 1889 quaecumque
1082 1838 1110 1874 C
1130 1837 1267 1873 minuit
1295 1836 1411 1873 animi
1442 1836 1601 1882 famem,
1634 1836 1830 1885 quomodo
1857 1850 1926 1873 nec
1954 1838 2125 1887 corporis

52 1897 297 1945 desiderant,
329 1899 515 1949 attingere
548 1899 686 1936 volunt
703 1928 713 1945 ,
751 1899 798 1936 ad
831 1908 1060 1936 cunctorum

52 1956 366 1996 desiderabilium
389 1968 587 2009 nequeunt
614 1959 833 2010 pertingere
858 1960 986 1996 finem.
1015 1963 1061 1996 Et

49 2018 196 2055 utinam
215 2018 404 2069 attingere
423 2019 600 2056 universa
619 2019 747 2056 animo
760 2048 770 2064 ,
790 2027 828 2056 et
848 2033 927 2056 non
945 2032 1059 2069 expe-

49 2077 217 2115 rimento
241 2079 406 2116 vellent!
438 2083 524 2117 Hoc
550 2079 654 2116 enim
683 2079 791 2116 facile
812 2088 993 2130 possent,
1023 2088 1061 2116 et

47 2149 128 2173 non
158 2137 364 2175 incassum.
385 2142 481 2176 Nam
514 2146 552 2175 et
583 2138 732 2175 animus
763 2151 877 2175 sensu
905 2138 1060 2188 quidem

38 2197 191 2234 carnali
211 2205 316 2235 tanto
334 2198 529 2245 velocior,
551 2206 695 2248 quanto
715 2206 753 2234 et
773 2198 1031 2249 perspicacior
1050 2228 1060 2245 ‚

47 2256 96 2293 ad
115 2257 189 2295 hoc
208 2258 319 2296 datus
335 2267 414 2305 est,
431 2268 474 2296 ut
491 2259 599 2296 illum
618 2258 666 2296 ad
687 2259 816 2296 omnia
833 2259 1058 2309 praeveniat3

44 2318 216 2369 nihilque
229 2319 369 2357 audeat
383 2319 606 2369 contingere
621 2332 751 2356 sensus
761 2348 770 2366 ,
785 2319 890 2371 quod
905 2319 1056 2357 animus

43 2379 287 2429 praecu'rrens
318 2388 406 2417 ante
440 2380 535 2417 utile
573 2393 652 2416 non
686 2378 922 2430 probaverit.
956 2380 1056 2417 Hinc

45 2438 147 2475 enim
169 2438 338 2477 arbitror
366 2439 530 2487 dictum,
571 2443 710 2477 Omnia
741 2440 925 2489 probate,
955 2443 1060 2489 quod

2 2510 3 2516 ¹
43 2497 180 2536 bonum
207 2509 261 2536 est
284 2507 452 2548 tenete²;
483 2509 527 2538 ut
546 2500 732 2538 videlicet
761 2501 826 2538 ille
855 2501 945 2538 huic
964 2515 1052 2552 pro-

41 2558 194 2607 videat,
211 2573 283 2597 nec
299 2560 332 2598 is
349 2574 461 2598 suum
483 2569 637 2606 votum,
661 2560 735 2597 nisi
759 2560 807 2597 ad
824 2561 926 2598 illius
939 2560 1048 2616 judi-

1128 1905 1277 1934 ventus.
1298 1896 1473 1945 Denique
1493 1896 1522 1932 si
1546 1896 1758 1932 famelicum
1779 1896 1971 1932 hominem
1988 1897 2126 1947 apertis

1127 1957 1300 1994 faucibus
1328 1965 1466 2002 vento,
1500 1956 1640 1992 inflatis
1668 1956 1819 1992 haurire
1847 1955 1975 1993 buccis
2003 1970 2128 1993 aerem

1125 2031 1276 2063 cernas,
1305 2030 1382 2067 quo
1404 2016 1509 2066 quasi
1530 2017 1701 2053 consulat
1723 2016 1834 2062 fami,
1856 2029 1983 2053 nonne
1999 2017 2128 2054 credas

1126 2079 1318 2116 insanire?
1338 2077 1397 2115 Sic
1417 2090 1495 2113 non
1516 2077 1672 2113 minoris
1691 2077 1846 2113 insaniae
1864 2085 1936 2122 est,
1967 2077 1995 2113 si
2016 2078 2127 2127 spiri-

1129 2149 1209 2177 tum
1248 2138 1471 2176 rationalem
1518 2137 1630 2174 rebus
1669 2146 1777 2187 putes
1822 2136 2125 2186 quibuscumque

1127 2186 1393 2249 corporalibus
1421 2210 1499 2233 non
1522 2196 1637 2245 magis
1663 2196 1806 2241 inflari,
1841 2209 1953 2244 quam
1985 2197 2122 2233 satiari.

1127 2259 1228 2307 Quid
1259 2270 1426 2307 namque
1454 2256 1499 2293 de
1531 2254 1754 2305 corporibus
1781 2253 1826 2290 ad
1849 2254 2022 2303 spiritus?
2047 2259 2122 2291 Nec

1127 2321 1192 2356 illa
1211 2332 1300 2356 sane
1320 2315 1577 2367 spiritualibus
1591 2344 1600 2360 ,
1626 2328 1694 2351 nec
1716 2314 1776 2351 isti
1794 2328 1813 2350 6
1840 2314 1991 2363 regione
2019 2315 2122 2351 refici

1123 2378 1389 2430 corporalibus
1407 2385 1563 2427 queunt.
1582 2375 1763 2420 Benedic,
1783 2375 1905 2411 anima
1925 2387 2023 2420 mea,
2045 2378 2119 2411 Do-

1124 2443 1252 2487 mino,
1283 2440 1349 2489 qui
1376 2438 1498 2487 replet
1516 2437 1553 2472 in
1570 2435 1682 2472 bonis
1704 2434 1930 2470 desiderium
1949 2442 2052 2470 tuum
2073 2440 2114 2470 ¹².

1125 2502 1264 2552 Replet
1286 2501 1326 2536 in
1354 2498 1485 2542 bonis,
1518 2495 1654 2532 excitat
1684 2494 1729 2530 ad
1749 2493 1917 2537 bonum,
1950 2501 2051 2529 tenet
2075 2493 2115 2528 in

1126 2563 1254 2607 bono;
1275 2558 1479 2610 praevenit,
1500 2555 1670 2599 sustinet,
1691 2554 1832 2602 implet.
1850 2556 1935 2602 Ipse
1960 2553 2047 2588 facit
2074 2560 2115 2588 ut

42 2617 143 2655 cium
176 2627 446 2669 consequatur.
480 2620 665 2670 Alioquin
686 2633 766 2656 non
798 2620 978 2657 ascendes
1007 2620 1047 2656 in
1064 2622 1097 2656 D
1118 2622 1332 2665 desideres,
1358 2619 1438 2668 ipse
1455 2625 1510 2654 est
1534 2615 1636 2665 quod
1662 2613 1861 2650 desideras.

41 2687 213 2717 montem
229 2679 406 2728 Domini,
423 2693 494 2718 nec
510 2680 627 2718 stabis
642 2681 681 2717 in
694 2681 781 2718 loco
797 2689 925 2718 sancto
943 2679 1024 2730 ejus
1038 2709 1046 2726 ,

41 2751 115 2788 pro
134 2753 181 2777 eo
202 2740 308 2790 quod
328 2740 368 2776 in
388 2754 490 2778 vano
506 2742 698 2792 acceperis
718 2742 883 2778 animam
905 2750 1008 2778 tuam
1023 2742 1049 2788 3,

39 2797 115 2836 hoc
129 2808 187 2837 est
203 2800 368 2838 animam
387 2801 613 2838 rationalem
633 2817 640 2839 :
659 2801 749 2838 dum
766 2801 886 2839 instar
900 2802 1050 2852 pecoris

42 2868 192 2894 sensum
208 2861 398 2910 sequeris,
418 2861 568 2898 ratione
583 2861 739 2911 quidem
756 2862 897 2907 otiosa,
917 2872 955 2900 et
971 2876 1050 2899 non

42 2916 242 2955 resistente
262 2917 304 2955 in
325 2921 465 2970 aliquo.
495 2924 670 2970 Quorum
697 2922 826 2972 itaque
848 2923 945 2959 ratio
972 2936 1050 2959 non

39 2979 229 3028 praevenit
244 2992 398 3029 gressus
411 3009 422 3026 ,
447 2991 610 3027 currunt
625 3012 635 3029 ‚
653 2983 719 3020 sed
737 2992 844 3021 extra
862 2985 962 3021 viam
983 2999 989 3021 :
1008 2998 1051 3020 ac

40 3038 206 3087 proinde
230 3041 404 3090 Apostoli
428 3050 558 3091 spreto
585 3043 768 3090 consilio,
788 3056 866 3080 non
888 3044 940 3080 sic
961 3057 1050 3080 cur-

38 3105 129 3136 runt
147 3107 191 3136 ut
209 3099 501 3150 apprehendant
513 3102 542 3139 4.
563 3102 727 3151 Quando
748 3103 889 3140 etenim
907 3115 1048 3153 appre-

204 3409 296 3434 TOM.
328 3411 374 3434 11.

21 3472 47 3527 Ξ

86 3236 98 3252 ¹
113 3231 196 3262 Psal.
212 3242 326 3270 nnn,
351 3235 406 3271 28,
429 3237 487 3273 25,
514 3238 569 3266 26.
584 3253 630 3257 —-
645 3240 658 3256 ²
674 3235 813 3267 IThess.
827 3247 859 3270 v,
887 3239 940 3268 21.
956 3253 1000 3258 —
1014 3233 1028 3256 3
1042 3235 1250 3268 Psal.m11‚
1267 3234 1300 3265 3,
1324 3230 1355 3258 4.
1371 3242 1416 3247 -—
1430 3223 1444 3249 ⁴'
1462 3227 1477 3254 I
1491 3224 1564 3255 Cor.
1580 3232 1635 3258 13,
1659 3222 1714 3251 24.
1730 3237 1775 3240 —

69 3283 186 3315 Matth·
217 3295 252 3324 V,
281 3287 314 3316 3·
338 3303 381 3308 *-
410 3292 425 3317 7
443 3289 459 3317 I
478 3289 551 3320 Cor.
575 3299 632 3327 1x,
655 3291 710 3320 24.
738 3306 783 3311 -
812 3287 920 3321 8Psal.
947 3300 981 3326 1,
1012 3293 1101 3319 6.-
1123 3292 1138 3316 9
1163 3284 1380 3317 PsaLLxxw,
1405 3281 1456 3308 16.
1475 3294 1517 3299 -
1543 3273 1686 3304 ιΟῙΞ6616.
1710 3283 1741 3301 v.
1767 3274 1797 3301 9.
1823 3285 1867 3291 --

9 3328 73 3390 ιδ.
94 3357 137 3362 --
155 3343 183 3360 ¹²
198 3338 366 3377 Psal.c11‚
387 3343 418 3379 1,
436 3345 467 3372 5.

1174 2683 1235 2719 22.
1253 2680 1341 2718 Dixi
1357 2690 1471 2727 supra
1492 2691 1499 2712 :
1520 2678 1637 2713 Causa
1651 2672 1828 2722 diligendi
1846 2675 1987 2715 Deum,
2010 2675 2111 2708 Deus

1117 2752 1185 2781 est.
1205 2746 1347 2779 Verum
1373 2737 1451 2774 dixi
1480 2751 1487 2772 :
1519 2747 1604 2771 nan]
1631 2741 1667 2769 et
1696 2731 1880 2775 efficiens,
1912 2738 1949 2766 et
1977 2731 2110 2766 finalis.

1116 2807 1202 2853 Ipse
1229 2800 1293 2837 dat
1323 2796 1580 2839 occasionem,
1612 2792 1691 2840 ipse
1716 2798 1815 2826 creat
1846 2788 2083 2825 affectionem
2100 2817 2110 2835 ‚

1118 2861 1347 2900 desiderium
1382 2857 1460 2905 ipse
1500 2858 1746 2889 consummat.
1784 2852 1869 2898 Ipse
1901 2847 2017 2893 fecit,
2049 2847 2110 2884 vel

1117 2922 1243 2972 potius
1276 2919 1394 2954 factus
1421 2922 1476 2950 est
1500 2920 1540 2948 ut
1569 2916 1758 2946 amaretur
1777 2923 1784 2944 :
1803 2908 1884 2957 ipse
1911 2915 2110 2971 speratur,

1118 2979 1303 3018 amandus
1320 2974 1483 3018 felicius,
1498 2984 1544 3007 ne
1560 2970 1598 3006 in
1612 2980 1773 3005 vacuum
1791 2967 1837 3003 sit
1851 2974 2007 3003 amatus.
2023 2968 2114 3013 Ejus

1118 3053 1226 3077 amor
1249 3044 1421 3074 nostrum
1440 3040 1476 3068 et
1492 3036 1701 3081 praeparat,
1719 3035 1756 3063 et
1772 3033 2000 3062 remunerat.
2017 3028 2112 3061 Prae-

1120 3099 1218 3137 cedit
1236 3093 1449 3143 benignior,
1468 3088 1691 3139 rependitur
1703 3086 1858 3136 justior,
1875 3091 2110 3134 exspectatur

1790 3215 1802 3238 ⁵
1820 3216 1889 3247 Isai.
1904 3224 1981 3244 xxvx
1993 3236 2000 3249 ‚
2019 3214 2048 3242 7.
2064 3229 2107 3234 —

1890 3271 1917 3286 ¹¹
1942 3262 2054 3295 Matth.
2076 3273 2107 3297 ν,

1961 3376 2007 3410 43
