2517 3936
63 202 159 241 1145

57 280 222 333 propriae
250 278 482 316 conditionis
505 286 542 314 et
566 277 775 316 nobilitatis
795 279 950 326 oblitas,
969 291 1064 328 quas

777 203 943 238 SERMO
973 202 1037 236 DE
1067 202 1419 239 CONVERSIONE.

1078 278 1126 298 ⁴8⁴

2036 213 2131 251 1146

1188 281 1246 317 17.
1278 284 1403 329 Atque
1433 281 1577 317 utinam
1607 290 1751 319 tantum
1780 298 2002 337 congregata
2032 293 2131 339 pcri-

56 354 134 380 non
159 339 303 390 pudeat
328 337 457 388 porcis
483 338 521 373 in
549 337 758 375 ministerio
790 339 1009 389 subjugari,
1028 339 1066 375 in
1086 341 1117 375 A
1136 347 1240 383 rent,
1260 348 1296 375 et
1317 353 1393 375 non
1416 339 1582 376 deterius
1603 341 1682 390 ipsc
1704 356 1856 392 quoquc
1880 348 2021 394 periret
2045 364 2133 386 con-

57 399 246 438 desiderio
269 397 427 441 sociari,
452 409 522 433 nec
543 398 594 433 sic
621 405 746 434 tamen
768 398 909 435 infelici
933 399 1061 436 edulio

55 460 194 500 satiari.
215 458 329 497 Unde
349 459 450 495 enim
475 457 556 494 haec
583 466 687 493 tanta
713 458 1005 507 pusillanimitas
1025 466 1063 494 et

54 519 217 571 abjectio
242 527 319 555 tam
345 515 570 554 miserabilis
587 545 596 562 ‚
624 526 666 553 ut
688 517 837 566 egregia
862 527 1059 564 creatura,

53 593 171 631 capax
188 587 338 616 aeternae
357 576 603 614 beatitudinis
623 585 659 613 et
679 577 810 626 gloriae
828 578 954 627 magni
972 579 1059 623 Dei,

53 649 188 692 utpote
213 638 323 688 cujus
343 639 392 676 sit
415 637 667 688 inspiratione
687 636 858 683 condita,
882 638 1060 674 similitu—

53 701 141 739 dine
169 699 368 749 insignita‚
395 711 531 735 cruore
560 697 778 747 redempta,
805 697 880 734 fide
907 697 1057 743 dotata,

54 762 190 814 spiritu
216 760 420 811 adoptata,
446 759 622 795 miseram
651 772 729 795 non
758 758 957 795 erubescat
990 758 1060 795 sub

52 821 258 874 putredine
291 821 362 858 hac
396 833 674 871 corporeorum
709 833 890 857 sensuum
929 824 1060 869 gerere

53 882 303 921 servitutem?
328 880 466 918 Merito
496 881 608 930 plane
637 894 684 918 ne
710 894 776 918 eos
805 880 961 931 quidem
988 893 1059 930 ap—

51 942 290 996 prehendere
311 950 460 992 potest,
483 954 569 991 quae
596 942 709 978 talem
739 941 920 978 deserens
945 953 1060 990 spon-

51 1017 154 1050 sum,
183 1003 275 1040 tales
304 1002 476 1052 sequitur
503 1010 702 1038 amatores.
737 1001 875 1039 Merito
904 1001 1059 1050 siliquas

1128 407 1305 448 gregator
1327 412 1474 435 eorum.
1498 402 1605 435 Esset
1627 401 1758 449 utique
1782 404 2014 443 tolerabilius
2032 409 2131 456 peri-

1130 466 1236 502 turo,
1255 470 1369 507 quam
1396 459 1656 509 peremptorio
1679 460 1854 498 insudare
1875 463 2008 500 labori.
2024 470 2130 504 Nunc

1127 531 1221 553 vero
1249 517 1438 567 stipendia
1467 520 1611 568 pcccati
1641 533 1743 557 mors
1770 536 1776 557 :
1801 530 1837 557 ct
1863 523 1927 570 qui
1956 524 1992 559 in
2019 540 2131 564 carne

1127 578 1314 623 seminat,
1343 577 1389 614 de
1424 592 1536 615 carne
1570 588 1685 616 metet
1720 582 2018 631 corruptionem.
2054 590 2131 623 Nec

1129 638 1228 673 enim
1247 651 1364 687 opera
1386 647 1514 675 nostra
1535 647 1747 687 transeunt,
1775 650 1815 677 ut
1835 642 2015 680 videntur
2038 660 2044 681 :
2067 647 2132 683 sed

1130 698 1353 747 temporalia
1373 712 1534 748 quaeque
1555 700 1659 735 velut
1680 701 1898 737 aeternitatis
1918 704 2059 741 semina
2072 705 2132 753 ja-

1129 758 1291 794 ciuntur.
1306 758 1480 808 Stupebit
1494 759 1677 809 insipiens
1688 766 1717 806 ³,
1733 774 1817 797 cum
1833 776 1877 797 ex
1893 763 1965 799 hoc
1981 765 2130 802 modico

1129 819 1273 855 semine
1294 820 1487 869 copiosam
1504 819 1640 857 viderit
1656 833 1858 870 exsurgere
1873 835 2029 859 messem
2041 854 2049 870 ,
2066 839 2130 862 seu

1126 878 1287 927 bonam,
1313 894 1379 917 seu
1405 881 1564 927 malam,
1593 895 1664 931 pro
1691 881 1839 919 diversa
1866 884 2046 932 qualitate
2071 899 2130 923 se-

1127 940 1276 977 mentis.
1290 944 1373 977 Hoc
1387 942 1452 991 qui
1467 942 1618 991 cogitat,
1632 943 1779 979 nullum
1795 944 1951 980 omnino
1968 958 2127 994 parvum

1127 1010 1279 1051 reputat
1301 1015 1381 1039 esse
1406 1011 1623 1052 peccatum,
1644 1003 1746 1052 quod
1777 1004 1940 1041 suturam
1969 1019 2128 1044 messem

51 1064 183 1102 esuriit
202 1093 212 1111 ,
245 1071 283 1100 et
313 1076 392 1099 non
423 1062 592 1112 accepit,
627 1062 694 1111 qui
728 1074 868 1112 porcos
902 1073 1057 1111 pascere
1078 1057 1106 1091 Β
1123 1062 1252 1112 potius
1270 1058 1577 1112 aestimet,quani
1591 1073 1810 1100 sementem.
1830 1065 2022 1102 Seminant
2037 1081 2126 1116 ergo

52 1124 206 1171 maluit,
226 1136 342 1173 quam
362 1122 531 1173 paternis
554 1123 678 1173 epulis
701 1123 828 1159 satiari
850 1129 874 1159 ¹.
897 1125 1058 1159 Insanus

51 1184 238 1236 siquidem
256 1182 366 1220 labor
382 1195 538 1233 pascere
554 1183 723 1219 sterilem
742 1196 827 1232 quae
848 1196 926 1219 non
944 1182 1057 1233 parit,

51 1254 89 1284 et
117 1244 243 1282 viduae
279 1242 504 1280 benefacere
538 1243 640 1279 nolle
673 1258 681 1280 :
712 1243 889 1279 omittere
928 1256 1058 1280 curam

50 1305 176 1344 cordis
197 1334 206 1352 ,
239 1313 278 1341 et
309 1316 439 1341 curam
473 1304 598 1340 carnis
629 1316 740 1353 agere
770 1304 809 1340 in
839 1303 1060 1341 desiderio:

49 1366 289 1417 impinguare
308 1373 346 1402 et
366 1365 497 1402 fovere
516 1364 680 1402 cadaver
709 1365 906 1415 putridum
919 1394 928 1410 ,
955 1363 1062 1415 quod

51 1428 165 1479 paulo
191 1434 280 1477 post
305 1425 496 1463 vermium
529 1439 614 1463 esca
640 1427 813 1463 futurum
842 1427 1061 1464 nullatenus

49 1488 259 1527 dubitatur.
283 1491 378 1525 Nam
402 1496 440 1524 et
465 1488 608 1525 servire
639 1501 886 1536 mammonae,
913 1497 951 1525 et
978 1501 1062 1525 ava-

49 1549 174 1588 ritiam
195 1548 321 1585 colere
336 1577 346 1594 ,
366 1547 472 1598 quod
492 1556 548 1585 est
567 1548 733 1586 servitus
756 1548 950 1586 idolorum
967 1578 975 1595 ,
996 1556 1061 1585 aut

48 1610 257 1648 vanitatem
291 1609 459 1656 sectari,
492 1621 653 1659 prorsus
689 1609 889 1659 degeneris
924 1608 1061 1645 animae

48 1668 232 1706 indicium
249 1680 330 1704 esse
347 1667 432 1717 quis
449 1667 620 1704 nesciat?

106 1729 165 1765 16.
191 1730 283 1765 Esto
305 1735 456 1774 tamen,
480 1741 618 1777 magna
642 1727 719 1764 sint
737 1736 774 1765 et
797 1728 958 1765 honesta
975 1741 1060 1778 quae

49 1787 217 1826 mundus
239 1788 395 1825 interim
419 1787 657 1825 amatoribus
679 1788 757 1825 suis
777 1802 936 1838 erogare
958 1787 1062 1825 vide-

1125 1122 1216 1159 dum
1238 1123 1435 1168 nesciunt,
1459 1133 1495 1160 et
1517 1125 1703 1161 seminant
1730 1124 1820 1161 dum
1842 1126 2034 1163 occultant
2055 1127 2126 1164 ho-

1125 1184 1246 1221 mines
1269 1184 1478 1234 iniquitatis
1500 1186 1700 1234 mysteria,
1724 1186 1814 1222 dum
1834 1187 2011 1224 vanitatis
2037 1202 2129 1225 con-

1126 1245 1207 1281 silia
1227 1245 1375 1290 celant,
1401 1245 1492 1281 dum
1519 1245 1788 1295 perambulant
1807 1247 1846 1282 in
1868 1246 2034 1285 tenebris
2059 1263 2129 1286 ne—

1129 1306 1231 1355 gotia
1252 1305 1510 1343 tenebrarum.

1494 1433 1671 1472 CAPUT
1702 1433 1774 1471 IX.

1295 1556 1389 1598 Quod
1405 1556 1595 1599 impossibile
1610 1557 1648 1588 sit
1667 1563 1846 1600 peccantem
1862 1557 1968 1590 latere.

1187 1671 1244 1708 18.
1267 1671 1435 1708 Parietes
1449 1701 1457 1717 ‚
1480 1671 1627 1721 inquit,
1649 1680 1737 1708 sunt
1755 1671 1925 1721 undique
1944 1687 1951 1709 z
1969 1672 2052 1722 quis
2073 1686 2131 1710 me

1128 1731 1259 1768 videt?
1275 1736 1379 1777 Esto,
1399 1745 1512 1768 nemo
1530 1741 1563 1768 te
1580 1731 1729 1768 videat:
1749 1745 1827 1767 non
1847 1740 1969 1768 tamen
1989 1733 2129 1770 nullus.

1128 1792 1240 1831 Videt
1261 1801 1297 1830 te
1318 1793 1472 1842 angelus
1494 1792 1628 1837 malus,
1645 1792 1749 1828 videt
1764 1800 1799 1828 te
1820 1793 1974 1841 angelus
1993 1792 2130 1839 bonus,

47 1858 110 1887 tur
135 1864 143 1887 z
166 1848 231 1886 sed
251 1847 369 1886 infida
391 1861 473 1885 esse
502 1848 588 1898 quis
613 1849 780 1885 nesciat?
800 1851 911 1887 Certa
938 1848 1056 1885 nimi-
1080 1847 1107 1883 C
1125 1853 1231 1890 videt
1251 1861 1288 1889 et
1305 1852 1416 1889 bonis
1434 1860 1471 1888 et
1488 1851 1595 1888 malis
1617 1849 1741 1900 major
1758 1851 1911 1900 Angelis
1934 1854 2056 1897 Deus3
2074 1852 2133 1888 vi-

45 1923 131 1948 rum
147 1923 284 1948 eorum
302 1908 483 1956 brevitas,
495 1917 533 1946 et
552 1909 672 1960 ipsius
689 1923 845 1960 quoque
859 1909 1056 1947 brevitatis

45 1971 131 2008 finis
157 1971 339 2008 incertus.
368 1974 477 2021 Saepe
504 1970 695 2007 viventem
729 1970 912 2008 deserunt
935 1986 943 2008 z
967 1984 1056 2007 nam

45 2032 274 2070 morientem
302 2044 373 2068 nec
402 2045 489 2068 raro
520 2041 747 2081 sequuntur.
775 2032 874 2080 Quid
897 2046 990 2069 vero
1015 2032 1054 2068 in

46 2091 160 2130 rebus
178 2092 355 2129 humanis
374 2092 515 2129 certius
533 2101 656 2129 morte
670 2121 679 2138 ‚
699 2092 793 2142 quid
810 2093 904 2130 hora
923 2092 1056 2129 mortis

45 2152 228 2190 incertius
260 2152 480 2189 invenitur?
508 2156 595 2190 Non
629 2154 830 2191 miseratur
857 2154 1054 2204 inopiam,

46 2226 125 2251 non
151 2213 303 2251 divitias
331 2222 542 2261 reveretur,
564 2227 643 2251 non
667 2216 797 2265 generi
824 2214 1055 2264 cujuslibet,

45 2287 126 2311 non
148 2273 344 2321 moribus,
368 2287 448 2311 non
476 2275 550 2325 ipsi
583 2275 748 2326 denique
773 2276 897 2326 parcit
922 2276 1022 2313 aetati
1047 2291 1054 2313 :

46 2335 119 2373 nisi
137 2336 243 2386 quod
263 2335 419 2374 senibus
435 2337 592 2387 quidem
610 2337 648 2374 in
664 2337 814 2386 januis,
838 2337 1056 2374 adolescen-

3 2398 5 2445 ξ
47 2395 148 2434 tibus
167 2405 294 2434 autem
315 2397 356 2434 in
372 2397 520 2435 insidiis
539 2406 606 2435 est.
629 2399 765 2435 Infelix
788 2397 972 2448 proinde,
990 2397 1058 2448 qui

46 2456 86 2494 in
100 2456 216 2507 hujus
231 2457 319 2494 vitae
336 2457 504 2495 tenebris
519 2467 556 2495 et
571 2457 720 2495 lubrico
742 2459 862 2496 fidens
873 2488 883 2506 ,
905 2459 1056 2509 peritu-

6 2557 7 2568 η
47 2530 128 2555 ram
143 2518 301 2555 insumit
315 2532 496 2569 operam3
518 2533 588 2556 nec
606 2519 772 2557 advertit
789 2520 972 2570 quoniam
991 2533 1057 2557 va-

47 2591 121 2628 por
136 2587 193 2616 est
211 2578 258 2616 ad
280 2579 475 2617 modicum
496 2592 655 2630 parem,
677 2589 715 2617 et
736 2581 885 2617 vanitas
905 2580 1056 2617 vanita-

1125 1914 1189 1951 det
1206 1921 1419 1960 accusator,
1439 1912 1543 1950 videt
1560 1912 1712 1949 testium
1731 1911 1935 1948 multitudo
1948 1941 1958 1958 ,
1976 1911 2080 1948 videt
2096 1921 2133 1949 et

1122 1975 1203 2024 ipse
1223 1973 1362 2019 Judex,
1383 1972 1492 2023 cujus
1510 1982 1545 2010 te
1563 1981 1715 2022 oportet
1732 1973 1904 2009 assistere
1924 1971 2103 2009 tribunali
2123 1987 2130 2009 :

1123 2034 1194 2072 sub
1214 2035 1323 2085 cujus
1347 2048 1437 2071 sane
1464 2034 1585 2071 oculis
1604 2034 1702 2070 velle
1730 2033 1950 2082 delinquere
1979 2041 2053 2069 tam
2078 2033 2131 2069 in-

1123 2109 1271 2143 sanum,
1289 2109 1405 2146 quam
1419 2094 1655 2131 horrendum
1672 2093 1840 2130 incidere
1853 2094 1890 2130 in
1907 2107 2042 2130 manus
2061 2095 2132 2131 Dei

1122 2157 1299 2194 viventis.
1319 2156 1405 2194 'Noli
1426 2169 1505 2192 esse
1522 2167 1677 2192 securus
1694 2169 1700 2190 :
1720 2154 1838 2190 latent
1858 2153 2023 2198 insidiae,
2038 2167 2131 2203 quas

1124 2218 1242 2254 latere
1262 2231 1341 2254 non
1362 2217 1496 2267 possis.
1512 2220 1660 2261 Latent,
1678 2215 1846 2264 inquam,
1863 2214 2020 2260 insidiae,
2038 2228 2130 2264 quas

1124 2286 1166 2315 ut
1183 2276 1472 2328 deprehendere
1494 2277 1573 2326 ipse
1594 2288 1669 2311 non
1695 2283 1824 2324 potes,
1848 2275 1899 2311 sic
1918 2288 1995 2311 non
2023 2284 2129 2326 potes

1123 2339 1205 2389 ipse
1224 2352 1301 2375 non
1321 2337 1567 2387 deprehendi.
1586 2335 1701 2373 Audit
1722 2335 1835 2384 plane
1852 2335 1916 2384 qui
1944 2335 2130 2384 plantavit

1124 2412 1257 2435 aurem
1275 2414 1283 2444 ;
1306 2406 1343 2434 et
1364 2398 1428 2447 qui
1450 2396 1558 2433 finxit
1580 2395 1731 2432 oculum
1745 2423 1754 2440 ‚
1776 2395 1856 2444 ipse
1877 2392 2127 2431 considerat3.

1123 2462 1209 2496 Non
1233 2458 1335 2495 illius
1356 2457 1453 2495 Solis
1478 2464 1580 2493 arcet
1603 2455 1730 2491 radios
1755 2454 1916 2490 maceria
1937 2454 2127 2503 lapidum,

1125 2532 1221 2569 quos
1242 2519 1322 2569 ipse
1340 2518 1508 2562 creavit,
1532 2529 1607 2552 non
1633 2515 1690 2551 vel
1717 2515 1796 2564 ipse
1820 2513 1992 2562 corporis
2016 2512 2128 2561 hujus

1125 2580 1250 2630 paries
1276 2578 1445 2615 veritatis
1475 2575 1641 2613 excludit
1668 2583 1873 2624 aspectum.
1905 2573 2013 2610 Nuda
2041 2582 2129 2609 sunt

48 2645 141 2676 tum.
173 2638 382 2677 Obtinuisti
411 2639 587 2687 tandem,
617 2639 841 2687 ambitiose,
869 2653 984 2690 quam
1011 2639 1209 2690 exDejus
1244 2640 1362 2677 oculis
1401 2639 1549 2683 omnia,
1580 2635 1852 2686 penetrabilior
1883 2643 1939 2671 est
1972 2635 2128 2684 ancipiti

8 2700 10 2735 ἶ
48 2697 164 2749 longo
191 2707 365 2750 tempore
387 2700 640 2750 concupieras
667 2700 919 2750 dignitatem?
949 2713 1059 2738 serva

1 2751 9 2790 s
47 2759 153 2808 quod
171 2759 301 2796 habes.
318 2759 491 2810 Implesti
505 2789 515 2806 ,
533 2761 741 2810 pecuniose
755 2790 765 2807 ,
783 2761 930 2797 loculos
949 2762 1058 2797 tuos?

47 2818 232 2856 sollicitus
251 2828 334 2856 esto
355 2832 404 2856 ne
423 2819 573 2870 perdas.
595 2819 744 2858 Uberes
765 2820 911 2857 fructus
931 2821 1059 2858 attulit

49 2872 137 2930 ager
161 2882 273 2917 tuus?
297 2880 409 2918 dirue
429 2880 569 2918 horrea
593 2889 676 2928 tua,
698 2889 741 2917 ut
768 2881 914 2930 majora
936 2881 1056 2919 aedifi-

49 2953 128 2988 ces3
148 2949 256 2979 muta
273 2941 461 2991 quadrata
488 2942 687 2988 rotundis,
710 2941 770 2978 dic
798 2943 934 2979 animae
962 2951 1056 2990 tuae,

49 3001 175 3038 Habes
203 3005 321 3038 multa
354 3001 450 3039 bona
471 3008 638 3051 reposita
657 3007 695 3038 in
717 3016 838 3039 annos
853 3006 1055 3052 plurimos.

39 3061 132 3100 'Erit
150 3062 252 3099 enim
273 3062 340 3112 qui
362 3062 464 3100 dicat
482 3078 490 3100 :
509 3065 645 3109 Stulte,
672 3064 744 3099 leae
764 3073 869 3100 nocte
887 3069 1056 3101 animam

51 3130 150 3158 tuam
171 3132 340 3172 repetent
357 3137 382 3159 α
401 3132 435 3160 te
461 3138 472 3159 :
501 3139 590 3174 quoe
616 3133 742 3161 autem
756 3131 930 3174 parasti,
953 3131 1058 3173 cujtcs

16 3205 19 3237 3
52 3191 158 3219 erunt
174 3189 187 3204 ²
204 3184 220 3219 Ξ)

1125 2701 1263 2751 gladio.
1282 2704 1386 2750 Ipsas
1408 2711 1562 2748 quoque
1582 2710 1659 2733 non
1690 2695 1803 2732 modo
1829 2694 1949 2731 cernit
1964 2723 1973 2740 ,
1999 2694 2064 2730 sed
2090 2702 2128 2731 et

1125 2761 1306 2799 discernit
1332 2759 1602 2809 cogitationum
1628 2757 1729 2800 vias,
1756 2763 1793 2791 et
1819 2754 2003 2791 medullas
2032 2754 2128 2791 affe-

1125 2823 1308 2860 ctionum.
1335 2820 1508 2869 Denique
1532 2818 1561 2855 si
1582 2830 1659 2854 non
1682 2824 1799 2852 totam
1821 2814 1977 2852 humani
2003 2814 2128 2851 cordis

1124 2884 1302 2934 abyssum
1318 2912 1327 2928 ,
1349 2890 1386 2918 et
1417 2877 1602 2930 quidquid
1631 2878 1669 2914 in
1695 2877 1778 2927 ipso
1808 2877 1899 2913 latet
1922 2876 2129 2926 inspiceret

1124 2959 1203 2996 prae
1226 2945 1333 2993 ipso,
1353 2954 1430 2978 non
1459 2941 1520 2977 ille
1543 2938 1620 2988 jam
1648 2938 1700 2974 nil
1726 2937 1797 2974 sibi
1823 2936 1997 2973 conscius
2020 2934 2128 2985 judi-

1125 3005 1244 3042 cantis
1277 3016 1356 3040 sese
1385 3000 1541 3037 Domini
1570 2997 1796 3036 sententiam
1817 3005 2017 3047 tantopere
2047 2996 2127 3031 for-

1125 3064 1297 3102 midaret.
1320 3063 1434 3107 Mihi,
1462 3059 1609 3109 inquit,
1633 3072 1704 3108 pro
1733 3061 1827 3093 mini
1857 3071 1915 3092 mo
1937 3065 2012 3099 esc,
2048 3064 2084 3090 ιιι
2105 3067 2128 3088 ιι

1124 3125 1232 3162 vobis
1246 3125 1410 3170 judicer,
1443 3129 1509 3157 aut
1530 3119 1576 3155 ab
1607 3120 1769 3155 ltummzo
1799 3120 1887 3161 dle,
1915 3118 1982 3153 secl
2012 3127 2128 3162 neque

1126 3199 1183 3222 me
1201 3190 1321 3233 {psum
1338 3184 1483 3229 judica.
1508 3180 1615 3217 Nzlul
1629 3184 1727 3215 enlm
1747 3179 1839 3214 milti
1856 3181 2018 3214 conscius
2032 3187 2126 3219 sum,

100 3311 110 3326 ¹
127 3309 201 3337 Luc.
217 3318 273 3345 xv,
294 3310 348 3339 16.
366 3326 409 3331 —-
425 3314 438 3330 ²
458 3311 532 3340 Luc.
552 3320 622 3347 2111,
646 3313 699 3347 19,
720 3313 772 3341 20.
790 3329 828 3332 -
848 3308 861 3331 3
877 3311 958 3342 Psal.
974 3322 1079 3350 xcm,
1098 3314 1129 3342 ⁴3.

97 3367 111 3381 ²
130 3365 217 3398 Allas
230 3366 310 3399 male
321 3391 329 3406 ‚
351 3366 496 3412 Superbit
513 3367 678 3413 iusipiens.
794 3365 818 3384 ⁶
