2517 3936
62 203 64 205 ’
93 200 191 238 1389

541 201 827 238 ΤΒΑΕΤᾹΤΙῙΞ
855 201 920 235 DE
948 200 1134 236 GRATIA
1166 200 1225 233 ET
1254 200 1432 234 LIBERO
1462 203 1708 239 ARBITRIO.

2072 199 2169 236 1390

88 292 170 317 esse
191 279 334 323 valeat,
366 278 438 314 nisi
459 278 604 316 volens.
636 279 716 315 Tali
738 278 818 328 jam
848 278 995 315 ratione
1021 273 1305 323 non‘⁵'‘³pti‹·um
1324 289 1382 311 me
1405 277 1599 312 ducentem
1621 282 1659 313 in
1688 282 1803 327 legem
1821 285 1970 328 peccati
1977 310 1988 325 ,
2011 293 2098 328 quoe
2118 286 2172 313 est

87 340 298 389 incongrue
319 338 468 376 dicetur
495 339 542 376 ad
570 338 716 376 bonum
743 353 802 386 se,
823 347 860 375 et
885 338 932 375 ad
959 338 1099 374 malum
1119 336 1148 369 A
1168 340 1207 371 in
1236 334 1411 371 membris
1437 336 1554 371 ηιιίἐ8
1573 351 1582 382 ;
1601 336 1680 373 liaec
1709 339 1837 374 onmia
1866 340 1990 388 putari
2012 345 2172 389 possunt

87 398 230 437 habere
243 399 440 448 aequaliter
456 414 465 436 :
484 399 588 449 quod
610 398 816 450 utrobique
832 399 1011 436 videlicet
1030 410 1101 447 par

89 459 137 496 sit
155 459 211 506 ei,
233 472 311 495 non
334 459 489 508 quidem
511 460 551 496 in
573 460 759 496 electione
782 460 960 505 facilitas,
978 458 1099 496 sedin

87 520 288 557 voluntate
313 519 468 557 libertas
480 520 510 556 *.

450 646 628 685 CAPUT
656 646 730 683 XI.

126 772 239 804 Libero
253 770 382 802 arbitrio
402 769 478 800 nihil
495 768 636 810 derogari
652 779 709 810 per
724 767 871 810 gratiam,
890 778 991 808 neque
1010 777 1078 809 per·

489 823 706 854 tentationem.

147 947 210 984 36.
233 949 316 983 Hac
334 958 426 983 sane
451 944 663 995 dignitatis,
685 952 726 980 ut
744 943 887 980 dictum
909 950 985 988 est,
1007 955 1107 991 prae-

93 1007 264 1058 rogativa
279 1007 297 1022 *
333 1006 560 1043 rationalem
607 1005 852 1055 singulariter
893 1011 1106 1040 creaturam

1167 407 1303 444 cogere
1319 395 1573 440 voluntatem,
1592 404 1629 432 et
1648 398 1855 446 praeripere
1879 398 2103 434 libertatem.
2122 402 2171 434 At

1168 468 1261 491 vero
1282 454 1529 504 quantislibet
1553 456 1638 504 quis
1663 457 1763 492 intus
1787 458 1923 493 forisve
1953 457 2173 494 tentationi-

1168 514 1240 551 bus
1263 523 1468 562 urgeatur,
1503 514 1622 551 libera
1650 516 1822 565 profecto
1856 530 2026 566 semper,
2052 530 2174 566 quan-

1171 583 1250 610 tum
1272 573 1319 610 ad
1340 573 1538 610 arbitrium
1561 584 1723 624 spectat,
1745 576 1923 611 voluntas
1942 578 2012 612 erit
2031 592 2038 612 z
2056 576 2174 612 libere

1170 634 1314 683 quippe
1336 633 1382 670 de
1403 647 1472 670 suo
1490 635 1608 671 r-iliilo
1632 636 1756 672 minus
1774 648 1962 672 consensu
1975 635 2173 683 judicabit.

1170 697 1365 741 Quantum
1402 703 1527 730 autem
1560 696 1725 744 pertinet
1759 696 1806 732 ad
1838 695 2064 739 consilium,
2097 694 2174 730 sive

1171 753 1464 802 complacitum,
1498 755 1622 791 carnis
1659 756 1810 791 interim
1844 754 2177 804 concupiscentia,

1173 814 1338 863 vitaeque
1373 815 1522 851 miseria
1559 816 1792 861 reluctante,
1819 816 1944 852 minus
1963 814 2116 864 quidem
2141 826 2179 850 se

1173 873 1334 910 liberam
1358 875 1471 911 sentit
1495 890 1501 911 :
1525 875 1589 912 sed
1618 889 1776 925 prorsus
1801 889 1879 912 non
1905 875 2064 919 malam,
2088 873 2178 909 dum

1173 934 1272 970 malo
1305 948 1384 971 non
1414 936 1616 972 consentit.
1638 936 1812 986 Denique
1835 936 1995 981 Paulus,
2025 935 2090 984 qui
2116 948 2181 970 ca—

1173 995 1322 1044 ptivum
1350 1009 1389 1031 se
1410 996 1447 1031 in
1469 996 1754 1046 legem·peccati
1783 997 1879 1033 trahi
1905 995 2177 1045 conqueritur,

93 1067 280 1106 Conditor
304 1066 519 1116 insignivit,
541 1065 647 1116 quod
676 1064 1002 1115 quemadmodum
1023 1064 1104 1113 ipse
1126 1060 1152 1093 B
1171 1054 1274 1091 haud
1301 1055 1458 1092 dubium
1490 1056 1581 1105 quin
1621 1070 1667 1093 ex
1702 1058 1826 1094 minus
1857 1057 1970 1107 plena
2005 1055 2180 1092 libertate

92 1128 152 1165 sui
180 1127 280 1177 juris
310 1135 417 1173 erat,
452 1140 607 1177 suaeque
634 1127 754 1177 ipsius
785 1125 994 1162 voluntatis
1028 1138 1107 1161 non

94 1188 331 1226 necessitatis
358 1196 439 1225 erat
468 1187 574 1238 quod
603 1187 728 1225 bonus
760 1195 841 1224 erat
863 1201 870 1223 :
893 1186 943 1222 ita
976 1194 1012 1222 et
1044 1185 1107 1221 illa

95 1263 250 1300 quoque
285 1249 343 1286 sui
379 1247 666 1299 quodammodo
693 1247 792 1297 juris
824 1247 865 1284 in
899 1246 969 1283 hac
999 1253 1107 1296 parte

94 1311 295 1356 existeret,
320 1317 509 1360 quatenus
528 1309 682 1346 nonnisi
710 1321 779 1346 sua
797 1308 995 1345 voluntate
1009 1336 1018 1353 ‚
1041 1315 1106 1344 aut

97 1372 195 1408 mala
214 1372 339 1418 fieret,
360 1378 398 1407 et
413 1369 517 1419 juste
541 1370 808 1416 damnaretur3
825 1377 890 1406 aut
905 1368 1007 1405 bona
1025 1381 1107 1405 ma-

95 1440 228 1478 neret,
255 1439 294 1469 et
316 1430 453 1468 merito
470 1431 693 1467 salvaretur,
721 1433 807 1467 Non
830 1429 935 1479 quod
956 1429 990 1465 ei
1018 1442 1107 1479 pro-

97 1493 181 1543 pria
203 1500 333 1542 posset
355 1491 530 1528 sufficere
558 1491 738 1527 voluntas
763 1490 809 1527 ad
838 1490 997 1526 salutem
1012 1505 1022 1536 ;
1040 1489 1106 1526 sed

95 1553 201 1604 quod
218 1566 301 1590 eam
319 1553 534 1589 nullatenus
560 1552 642 1588 sine
669 1565 736 1589 sua
754 1552 954 1588 voluntate
975 1564 1110 1588 conse-

96 1622 294 1664 queretur.
323 1616 444 1650 Nemo
465 1611 610 1662 quippe
636 1612 805 1648 salvatur
829 1612 989 1648 invitus.
1014 1614 1109 1648 ‘Nam

97 1674 203 1725 quod
219 1672 359 1723 legitur
374 1672 414 1709 in
437 1673 666 1722 Evangelio,
690 1674 810 1708 Nemo
836 1676 944 1708 venit
966 1673 1020 1707 ad
1036 1685 1107 1715 me,

97 1740 174 1771 nisi
188 1736 317 1771 *Pater
343 1748 446 1770 meus
477 1739 640 1770 traxerit
663 1748 745 1770 eum
763 1741 773 1755 ¹
794 1749 804 1780 ;
838 1734 928 1770 item
966 1734 1003 1770 in
1037 1732 1111 1769 alio

97 1797 204 1844 loco,
240 1798 430 1846 Compelle
455 1800 652 1841 intrare23
685 1795 778 1832 nihil
808 1794 969 1846 impedit
992 1810 999 1832 :
1024 1794 1113 1844 quia

1174 1115 1348 1151 consilii:
1373 1129 1598 1153 consensum
1640 1126 1766 1154 tamen
1801 1131 1957 1160 sanum,
1995 1125 2109 1165 atque
2140 1116 2178 1151 in

1174 1173 1278 1210 bono
1304 1188 1458 1224 quoque
1486 1175 1563 1224 jam
1592 1190 1638 1213 ex
1671 1191 1806 1227 magna
1830 1186 1937 1227 parte
1967 1190 2005 1213 se
2039 1175 2180 1212 habere

1175 1234 1335 1271 liberum
1355 1236 1557 1285 gloriatur,
1576 1240 1662 1273 sum
1684 1253 1758 1274 non
1780 1252 1860 1287 ego,
1880 1238 2074 1286 inquiens,
2092 1250 2180 1284 ope-

1174 1309 1235 1331 ror
1248 1298 1353 1331 illud.
1373 1297 1484 1334 [nde
1505 1297 1578 1334 hoc
1602 1299 1774 1344 contidis,
1789 1312 1811 1335 o
1832 1299 1970 1335 Paule?
1991 1298 2178 1341 Quoniam

1173 1363 1384 1402 consentio,
1402 1358 1548 1406 inquit,
1573 1362 1643 1407 legi
1668 1361 1755 1402 Dei,
1778 1363 1954 1407 quoniam
1982 1357 2077 1392 bona
2103 1364 2181 1391 est:

1173 1425 1210 1453 et
1231 1430 1384 1453 rursum
1396 1408 1413 1462 ’‚
1432 1418 1462 1452 C
1461 1420 1671 1454 omlelectm·
1690 1424 1788 1454 enim
1808 1421 1879 1467 legi
1897 1421 1966 1453 Dec·
1980 1418 2181 1454 secundum

1176 1481 1388 1513 interiorem
1412 1480 1598 1514 hommem
1615 1486 1641 1516 50.
1660 1480 1780 1517 Oculo
1798 1480 1982 1516 existente
1999 1477 2179 1527 simplici,

1177 1546 1297 1574 totum
1334 1551 1474 1588 corpus
1514 1539 1682 1576 lucidum
1722 1553 1801 1576 esse
1840 1539 2046 1590 praesumit.
2083 1540 2182 1575 Sano

1177 1612 1363 1636 consensu
1393 1608 1554 1636 tractum
1580 1601 1666 1637 licet
1697 1609 1875 1650 peccato,
1903 1601 1965 1636 vel
1988 1598 2182 1649 captivum

1177 1659 1347 1705 miseria,
1368 1660 1530 1698 liberum
1553 1675 1591 1698 se
1620 1662 1658 1697 in
1678 1660 1782 1696 bono
1810 1659 1984 1710 profiteri
2008 1672 2086 1695 non
2112 1658 2184 1695 du-

1178 1719 1286 1756 bitat.
1311 1721 1424 1758 [Inde
1449 1730 1486 1758 et
1512 1721 1632 1758 fidens
1661 1721 1887 1770 generaliter
1911 1720 2026 1756 infert
2048 1734 2055 1755 ε
2080 1719 2191 1755 Nihil

1179 1794 1264 1829 ergo
1300 1783 1558 1818 damnationis
1591 1791 1644 1816 est
1675 1782 1730 1815 his
1759 1785 1826 1829 qui
1853 1789 1938 1815 suut
1973 1785 2010 1816 iu
2044 1779 2184 1816 Christo

97 1857 272 1908 profecto
293 1863 625 1906 quantoscumque
652 1855 822 1901 trahere,
851 1856 912 1892 vel
940 1854 1111 1905 compel-
1129 1848 1155 1883 C
1172 1843 1260 1878 sf'ffl
1280 1850 1321 1878 '⁰-

97 1918 178 1955 lere
202 1917 379 1954 videatur
408 1916 455 1954 ad
486 1917 645 1953 salutem
673 1916 864 1966 benignus
893 1919 1018 1961 Pater,
1045 1915 1110 1965 qui

99 1992 233 2016 omnes
249 1979 334 2014 vult
357 1978 482 2015 salvos
502 1975 630 2024 fieri33
652 1977 801 2014 nullum
824 1985 951 2013 tamen
965 1975 1113 2025 judicat

100 2040 221 2077 salute
249 2039 406 2089 dignum
419 2067 428 2083 ,
450 2050 565 2088 quem
584 2046 670 2074 ante
690 2051 769 2074 non
798 2036 1021 2087 probaverit
1041 2049 1113 2072 vo—

98 2100 322 2137 luntarium.
340 2102 425 2136 Hoc
441 2098 586 2148 quippe
601 2097 784 2144 intendit,
805 2112 891 2134 cum
912 2106 1030 2134 terret
1046 2105 1111 2133 aut

99 2160 267 2212 percutit
281 2191 291 2209 ‚
307 2169 350 2198 ut
372 2158 482 2196 faciat
497 2159 737 2195 voluntarios
750 2188 760 2204 ,
778 2172 856 2195 non
873 2159 993 2195 salvet
1010 2158 1110 2194 invi·

101 2232 160 2261 tos
179 2238 187 2260 z
206 2230 396 2273 quatenus
419 2219 510 2256 dum
529 2218 576 2255 de
598 2219 699 2255 malo
726 2227 849 2255 mutat
871 2219 1110 2255 voluntatem

99 2283 140 2320 in
156 2282 302 2319 bonum
318 2309 327 2327 ,
357 2280 579 2325 transferat,
602 2292 681 2316 non
708 2280 854 2316 auferat
882 2277 1110 2316 libertatem.

100 2348 330 2393 Quanquam
350 2350 475 2378 tamen
493 2354 573 2377 non
589 2353 742 2390 semper
761 2340 868 2377 inviti
895 2340 1082 2376 trahimur
1104 2355 1111 2376 :

101 2417 172 2442 nec
199 2403 302 2441 enim
343 2415 465 2439 caecus
497 2409 564 2438 aut
599 2400 718 2436 fessus
745 2400 993 2436 contristatur
1024 2412 1113 2435 cum

102 2465 278 2503 trahitur.
294 2467 342 2501 Et
361 2463 502 2501 Paulus
518 2462 566 2499 ad
587 2475 723 2498 manus
738 2470 881 2498 tractus
903 2469 960 2497 est
979 2464 1118 2498 Dama-

103 2539 210 2564 scum
225 2555 235 2572 ,
257 2525 390 2575 utique
413 2537 492 2561 non
512 2522 694 2560 invitus&
715 2522 829 2560 Trahi
844 2522 1010 2571 denique
1034 2535 1117 2571 spe-

103 2587 252 2624 cialiter
275 2584 432 2622 volebat
443 2589 473 2630 ³,
492 2597 578 2634 quae
592 2592 630 2620 et
649 2583 723 2620 hoc
736 2583 861 2633 ipsum
884 2595 1117 2632 magnopere

104 2645 298 2697 flagitabat
326 2646 367 2682 in
399 2644 589 2682 Canticis:
617 2644 737 2679 Trahe
766 2657 846 2688 me,
865 2643 1114 2693 inquit,post
1133 2643 1166 2677 D

103 2718 138 2744 te
151 2722 166 2752 ‚·
185 2712 224 2744 in
244 2709 359 2743 odore
377 2718 567 2741 curremus
580 2713 852 2754 unguentorum
870 2713 1016 2740 luorum
1034 2703 1060 2740 5.

159 2769 221 2807 37.
255 2766 402 2805 Deinde
432 2765 538 2816 quod
568 2779 588 2802 e
623 2765 780 2815 regione
812 2766 997 2816 scriptum
1033 2774 1115 2811 est,

111 2831 371 2878 Unusquisque
391 2835 558 2862 tentatur
579 2840 602 2861 α
624 2830 786 2875 propria
813 2831 1118 2875 concupiscentia

106 2889 314 2927 abstractus
330 2896 366 2924 et
379 2884 568 2932 illectus⁶3
585 2894 624 2922 et
641 2885 750 2931 illud,
774 2886 914 2935 Corpus
927 2889 1028 2936 quod
1040 2901 1115 2922 cor—

105 2955 304 3000 rumpitur,
323 2956 507 2999 aggravat
520 2952 706 2990 animam,
726 2955 761 2982 ec
776 2948 956 2996 deprimit
970 2956 1117 2983 terrena

107 3010 332 3048 inhabitatio
363 3022 511 3046 sensum
540 3011 656 3044 multa
677 3010 944 3055 cogitantem73
967 3015 1004 3043 et
1026 3007 1118 3044 item

105 3071 204 3109 illud
222 3069 423 3121 Apostoli,
449 3071 603 3105 Invenio
630 3070 749 3104 aliam
787 3070 904 3117 legem
935 3072 974 3104 in
1006 3082 1120 3104 mem-

109 3133 183 3171 bris
210 3137 303 3169 meis
319 3139 590 3181 repugnantem
618 3133 693 3180 legi
713 3134 846 3166 mentis
867 3144 977 3176 meoe,
1002 3139 1036 3166 et
1054 3144 1120 3166 ca-

1534 1974 1712 2013 CAPL’T
1744 1975 1838 2013 XII.

1178 2109 1229 2137 An
1245 2116 1360 2148 negans
1377 2105 1470 2136 fidem
1489 2111 1573 2136 metu
1595 2106 1702 2136 mortis
1726 2116 1761 2136 ac
1784 2116 1946 2147 poenarum
1959 2130 1967 2143 ,
1993 2112 2157 2137 excusetur
2174 2116 2191 2136 a

1225 2161 1318 2202 culpa
1328 2184 1335 2197 ‚
1353 2160 1401 2190 vel
1416 2159 1604 2191 destituatur
1620 2159 1718 2191 libero
1735 2159 1877 2191 arbitrio.
1894 2159 1959 2190 [bi
1971 2160 2092 2201 negatio
2108 2160 2191 2190 Petri

1225 2215 1401 2246 discutitur.

1235 2345 1297 2382 38.
1316 2344 1387 2381 Sed
1408 2344 1607 2380 videamus
1628 2344 1675 2380 de
1695 2343 1753 2381 his
1774 2344 1840 2394 qui
1860 2357 2060 2394 pernarum
2081 2357 2186 2380 mor-

1184 2406 1279 2442 tisve
1295 2405 1432 2441 timore
1452 2404 1563 2441 fidem
1583 2404 1704 2441 verbo
1726 2413 1834 2441 tenus
1851 2417 1987 2454 negare
2004 2404 2189 2454 compulsi

1184 2474 1273 2503 sunt
1306 2480 1314 2502 :
1350 2478 1398 2502 ne
1425 2465 1525 2502 forte
1554 2464 1666 2515 juxta
1702 2466 1799 2502 hanc
1828 2459 2095 2510 assertionem,
2126 2472 2190 2500 aut

1184 2526 1297 2576 culpa
1322 2539 1400 2562 non
1423 2526 1556 2571 fuerit,
1586 2526 1691 2575 quod
1722 2526 1781 2562 vel
1810 2538 1904 2561 voce
1930 2531 2188 2573 negaverunt3

1185 2594 1251 2623 aut
1284 2585 1368 2635 cogi
1400 2585 1439 2622 in
1473 2586 1624 2636 culpam
1657 2594 1693 2622 et
1722 2585 1897 2621 voluntas
1926 2583 2116 2633 potuerit,
2147 2591 2189 2620 ut

1184 2646 1297 2682 vellet
1318 2645 1495 2682 videlicet
1513 2646 1629 2682 homo
1647 2644 1751 2694 quod
1771 2657 1856 2680 eum
1875 2651 1911 2680 et
1928 2643 2032 2679 nolle
2048 2642 2189 2679 consti-

1184 2707 1295 2752 terit3
1329 2715 1366 2743 et
1394 2707 1446 2743 sic
1466 2706 1625 2756 perierit
1653 2704 1814 2741 liberum
1844 2702 2054 2739 arbitrium.
2077 2702 2190 2751 Quod

1185 2768 1275 2818 quia
1306 2766 1542 2817 impossibile
1576 2773 1656 2802 erat
1697 2763 1820 2800 {velle
1848 2762 1990 2812 quippe
2021 2770 2058 2799 et
2087 2763 2189 2799 nolle

1184 2828 1286 2865 idem
1313 2827 1449 2864 eodem
1476 2834 1648 2874 tempore
1670 2836 1748 2860 non
1777 2821 1976 2873 poterat),
2006 2821 2191 2871 quaeritur

1183 2888 1287 2926 unde
1328 2887 1469 2923 malum
1513 2896 1754 2934 nequaquam
1794 2880 2012 2918 volentibus
2049 2882 2191 2918 malum

1185 2947 1317 2985 debuit
1332 2945 1523 2996 imputari.
1543 2948 1673 2993 Neque
1690 2943 1791 2979 enim
1808 2942 1880 2978 tale
1894 2950 1950 2978 est
1966 2942 2059 2987 hoc,
2080 2942 2190 2991 quale

1185 3007 1369 3057 originale
1389 3012 1587 3054 peccatum
1609 3018 1616 3039 ε
1639 3016 1717 3052 quo
1738 3015 1816 3038 non
1846 3001 1968 3037 solum
1993 3014 2071 3037 non
2098 3014 2192 3036 con-

1185 3067 1369 3111 sentiens,
1407 3077 1539 3100 verum
1578 3064 1806 3113 plerumque
1839 3069 1876 3097 et
1907 3061 2099 3105 nesciens,
2119 3060 2190 3096 alia

1186 3128 1333 3165 ratione
1363 3125 1638 3174 constringitur
1671 3122 1836 3160 necdum
1876 3129 2028 3157 renatus
2061 3119 2189 3169 Bapti-

158 3261 169 3276 ¹
185 3258 278 3287 Joan.
303 3265 356 3293 vt,
383 3256 438 3285 44.
454 3259 527 3276 -Ξ
543 3257 619 3285 Luc.
634 3265 706 3292 mv,
724 3256 779 3285 23.
803 3271 850 3275 --
871 3251 886 3275 3
905 3256 919 3284 Ι
939 3253 1022 3284 Tim.
1047 3262 1094 3288 11,
1122 3253 1152 3281 4.
1169 3247 1240 3273 ——4
1256 3251 1325 3278 Acl‘.
1349 3256 1405 3282 IX,
1431 3248 1462 3276 8.
1480 3263 1522 3268 —
1538 3243 1550 3266 5
1566 3243 1684 3276 Cantic.
1702 3254 1731 3276 ι,
1761 3246 1791 3274 3.
1808 3259 1850 3263 —
1866 3238 2186 3275 6Jacobi1‚t4.—-

109 3310 212 3351 7Sap.
235 3319 290 3345 xx,
311 3304 562 3340 15.-⁸Rom.
579 3318 650 3345 vn,
671 3309 812 3338 23.-—9
829 3305 1031 3343 Id.xx,16‚
1051 3308 1164 3336 22.——
1187 3301 1380 3337 ¹01d.v111,
1406 3302 1434 3330 1.

157 3373 172 3389 ‘¹
194 3367 281 3399 Alias
294 3392 302 3401 .
324 3364 543 3412 spiritualiter.
