2533 3920
334 208 381 244 72)
1074 207 1333 243 PRAEFATIO
1375 207 1664 244 GENERALIS.
2339 232 2342 235 ,
2362 204 2412 240 80

334 299 436 335 intel·
454 306 564 336 antea
587 297 756 348 vulgatas
777 295 911 333 ordine
934 293 1029 342 4203
1052 296 1243 345 trigesima
1262 297 1416 346 quinta,
1437 298 1537 346 454;
1559 307 1597 335 et
1616 297 1764 348 spuria,
1794 295 1884 333 455.
1908 295 2144 334 Exhibemus
2165 297 2279 333 etiam
2300 296 2413 346 hym-

336 378 428 402 num
448 367 484 403 S.
503 364 699 411 Doctoris,
721 375 834 412 quem
856 362 895 398 in
915 360 1048 398 eadem
1068 362 1302 399 Collectione
1317 392 1326 409 ,
1348 372 1454 400 tomo
1473 367 1512 409 Ι,
1535 376 1620 414 pag.
1646 364 1722 401 746
1734 392 1744 410 ,
1766 361 1928 412 protulit
1948 366 1996 399 D.
2022 365 2194 399 Martene
2214 376 2262 398 ex
2281 361 2412 400 codice

335 429 645 468 Veteris-Montis
669 444 676 465 :
699 429 765 478 qui
784 441 868 465 cum
890 427 937 464 sit
957 427 997 464 in
1017 427 1169 464 laudem
1193 431 1228 466 S.
1250 429 1464 476 Malachiae,
1485 438 1573 480 post
1598 428 1712 478 hujus
1732 427 1901 478 episcopi
1920 427 2065 473 Vitam,
2085 435 2191 464 tomo
2211 420 2413 474 II‚'locum

339 496 497 533 obtinet.
529 499 583 533 Ut
609 495 689 531 haec
709 507 809 531 nova
829 492 945 530 editio
973 492 1213 531 emendatior
1231 494 1427 544 prodiret,
1449 495 1710 531 consuluimus
1731 506 1808 530 non
1830 501 1978 529 tantum
2003 501 2079 529 tres
2099 491 2414 539 Mabillonianas,

337 562 404 599 sed
429 570 466 599 et
491 561 749 611 antiquiores,
777 572 940 610 quarum
968 559 1172 610 praecipuae
1204 560 1305 597 infra
1341 559 1601 610 designantur.
1624 564 1811 597 Praeterea
1842 557 2061 596 addidimus
2082 558 2411 596 nomenclaturam

337 627 630 678 geographicam
657 639 745 663 cum
771 625 1019 663 translatione
1045 624 1323 663 vocabulorum
1351 638 1399 663 ex
1424 625 1543 663 latino
1563 625 1743 663 idiomate
1761 625 1799 662 in
1820 624 2010 674 gallicum.

1091 775 1666 796 ψ

1134 950 1616 991 INTERPRETATIO

671 1097 906 1128 QUORUMDAM
935 1097 1130 1122 S1GNORUM
1159 1098 1237 1128 QUAE
1265 1097 1307 1121 IN
1336 1096 1407 1121 HAG
1435 1097 1577 1128 QUARTA
1605 1097 1792 1121 EDITIONE
1819 1097 2074 1120 ADHIBENTUR.

379 1227 397 1243 *
415 1230 591 1261 Asteriscus
618 1229 766 1261 lectorem
792 1230 941 1262 admonet
967 1229 1053 1272 quod
1077 1230 1110 1261 in
1131 1228 1228 1261 verba
1255 1240 1324 1272 quae
1351 1228 1412 1261 hoc
1437 1229 1527 1272 signo
1552 1228 1742 1268 afficiuntur,
1769 1229 1907 1261 inveniet
1932 1229 1972 1261 ad
1999 1230 2116 1261 calcem
2142 1229 2218 1260 tomi
2236 1234 2345 1261 notam
2362 1235 2417 1260 aut

333 1289 501 1321 lectionem
519 1289 703 1322 variantem.
1565 1299 1585 1315 t
1892 1286 1895 1289 ’

379 1351 406 1391 †
431 1353 531 1382 Parva
550 1361 626 1382 crux
646 1349 846 1391 subsequitur
863 1349 1019 1381 variantes
1036 1349 1185 1381 lectiones
1202 1359 1270 1391 quae
1287 1359 1371 1379 nunc
1389 1349 1526 1391 primum
1543 1355 1703 1381 notantur.

382 1412 424 1443 N.
445 1413 481 1442 E.
508 1414 566 1442 Hae
586 1410 696 1442 litterae
715 1410 855 1441 indicant
874 1416 964 1441 notas
985 1409 1078 1451 hujus
1103 1420 1194 1440 novae
1213 1409 1368 1441 editionis.

383 1470 543 1503 Rouauld.
560 1471 664 1502 Edjtio
683 1473 868 1503 Sermonum
883 1470 917 1501 in
933 1470 1076 1508 Cantica,
1095 1475 1260 1501 accurante
1272 1472 1396 1502 Joanne
1412 1467 1571 1501 Rouauld.
1595 1471 1695 1502 1494.

382 1531 500 1563 Drach.
519 1531 623 1563 Editio
636 1531 795 1562 variorum
815 1531 1048 1573 Opusculorum
1067 1536 1160 1573 atque
1178 1533 1363 1564 Sermonum
1375 1554 1383 1568 ‚
1403 1540 1497 1573 opera
1514 1529 1597 1561 Petri
1613 1529 1730 1562 Drach.
1753 1532 1852 1562 1501.

383 1591 490 1634 Tiraq.
518 1591 621 1624 Editio
643 1590 801 1623 Edmundi
823 1590 1005 1632 Tiraquelli.
1034 1593 1133 1622 1602.

384 1652 493 1682 Horst.
519 1651 622 1682 Editio
647 1649 758 1682 Jacobi
779 1650 916 1683 Merloni
934 1649 1066 1681 Horstii.
1088 1653 1188 1681 1658.

380 1714 476 1743 Mart.
503 1710 687 1742 Edmundus
708 1713 853 1742 Martene
866 1735 874 1749 ,
899 1712 1052 1742 Veterum
1070 1709 1266 1752 Scriptorum
1284 1716 1315 1742 et
1332 1712 1614 1742 Mouumeutorum
1632 1711 1823 1754 amplissima
1840 1711 1993 1743 collectio.
2020 1713 2120 1742 172³..

2136 1785 2179 1819 N.
2209 1784 2252 1818 E.
