2517 3936
84 184 159 221 915

84 271 142 293 mae
160 259 293 303 apostoli
306 259 406 291 allatis
420 270 458 290 ex
474 259 563 291 India
579 261 718 302 reliquiis
735 262 848 304 inclyta
861 287 868 299 ,
884 268 951 294 tum
964 263 1090 296 demum

84 315 116 347 in
134 319 318 357 potestatem
337 312 512 344 Infidelium
537 313 662 345 redacta
691 321 754 351 est,
778 316 913 347 maxima
934 316 1092 348 christiani

85 368 193 412 populi
207 367 305 399 clade.
323 383 338 393 υ
355 369 439 399 Nam
454 377 525 398 cum
538 378 555 397 a
576 368 681 398 multis
697 374 781 399 retro
798 369 887 399 annis
898 393 905 406 ‚
923 385 935 395 ιι
951 376 982 400 ut
998 369 1092 401 habet

85 421 263 454 Wittetmus
281 419 505 462 Neubrigeusis
521 420 559 451 de
578 420 687 451 Rebus
704 422 797 462 Angl.
816 437 830 447 «ι
853 423 1018 459 Saraceni,
1041 434 1092 454 oc-

87 490 101 504 ·
116 475 200 507 culto
224 476 283 506 Dei
295 473 414 516 judicio
431 483 526 515 supra
552 472 682 504 modum
704 474 737 504 in
756 473 947 506 Christianos
964 476 1094 517 grassari

87 543 101 556 ι
117 527 279 571 permissi,
297 526 396 568 captis
412 525 588 556 cixitatibus
605 525 782 557 clarissimis
797 550 804 563 ,
822 527 937 558 scilicet
956 528 1094 559 Alexan-

87 595 101 609 ·
118 580 187 612 dria
198 604 208 620 ,
223 578 392 613 Antiochia
402 603 410 617 ,
425 579 600 612 Jerusalem
613 603 620 616 ‚
640 581 794 610 Damasco
806 604 813 617 ‚
834 583 999 622 fligyptum
1011 606 1018 618 ,
1038 584 1093 623 sy-

88 648 103 662 ·
123 633 201 666 riam
214 657 222 672 ‚
238 633 376 675 aliasque
394 632 532 664 Orientis
552 633 729 674 provincias
741 656 749 669 ,
768 633 800 663 in
822 633 937 675 quibus
953 634 1095 667 Christus

88 702 104 714 ιι
119 686 300 726 colebatur,
319 692 543 729 occupassent3
565 686 630 716 sola
647 685 713 716 haec
735 686 842 717 civitas
869 690 1094 730 propugnatrix

88 756 102 769 ιι
120 751 185 772 non
203 747 327 773 tautum
348 750 510 773 murorum
524 764 532 778 ,
560 739 614 771 sed
640 739 734 771 etiam
759 739 868 771 finium
897 751 1042 780 suorum,
1062 743 1095 774 in

87 811 104 824 ιι
118 796 222 828 medio
235 795 372 828 hostium
387 794 664 827 innumerabilium
682 801 713 826 et
734 794 995 827 ferocissimorum
1017 797 1096 828 invi-

87 865 105 878 ι·
122 857 173 883 cta
189 850 418 894 perseveravit,
433 860 532 892 usque
551 849 592 880 ad
609 855 730 891 tempus
752 849 958 891 expeditionis
971 854 991 882 J
993 857 1096 882 eroso-

88 918 104 933 ι-
120 904 278 947 lymitanae
293 904 409 947 prioris
424 914 432 935 :
449 913 512 945 qua
530 902 705 935 Jerusalem
732 908 763 933 et
788 902 988 934 Antiochiam
1008 903 1096 935 Chri-

88 959 210 991 n'stiani
227 958 412 1002 expugnatis
437 957 602 989 obtinuere
623 956 795 988 Saracenis.
821 971 834 984 ιι
860 958 962 998 Pergit
985 957 1097 989 deinde

87 1024 217 1045 narrare
227 1037 236 1052 ,
248 1023 311 1056 qua
323 1012 486 1043 occasione
501 1011 611 1042 Edissa
624 1010 749 1042 cesserit
767 1009 959 1041 infidelibus.
977 1026 989 1037 ‹=
1004 1014 1099 1043 Nem-

89 1082 106 1095 »
123 1078 164 1111 pe
178 1066 347 1099 Armenius
357 1065 486 1108 quidam
498 1089 506 1104 ‚
522 1064 597 1096 ciw's
611 1064 780 1096 Edissenus
790 1088 798 1101 ‚
816 1063 961 1095 habitans
974 1065 1006 1095 iu
1020 1066 1100 1096 turri

89 1134 104 1148 ι
120 1130 212 1152 muro
231 1119 394 1162 contigua,
417 1118 459 1150 ob
471 1118 567 1149 filiam
589 1129 678 1149 suam
698 1128 716 1148 a
728 1117 871 1160 principe
885 1118 1014 1149 civitatis
1033 1129 1101 1150 cor-

89 1189 104 1203 ·
122 1180 248 1217 niptam
263 1184 400 1216 coquens
413 1173 519 1204 animo
532 1172 702 1204 vindictam
713 1196 721 1210 ,
740 1171 888 1202 imitatos
903 1172 1001 1213 pactis
1017 1172 1100 1203 clan-

91 1242 106 1256 ι·
123 1227 252 1260 destinis
272 1230 392 1260 Turcas
416 1227 484 1269 ipsa
506 1232 599 1258 nocte
613 1225 795 1258 Nativitatis
808 1225 981 1256 Dominicze
1001 1225 1098 1257 intro-

91 1296 105 1310 ·
121 1281 205 1313 misit
229 1281 263 1313 in
282 1280 396 1312 urbem
415 1291 423 1312 :
448 1280 502 1322 qui
527 1280 682 1311 irruentes
700 1278 734 1310 in
754 1279 907 1321 populum
932 1289 1039 1310 secure
1066 1279 1100 1310 in

91 1348 106 1362 ι·
121 1333 252 1365 ecclesia
270 1332 478 1365 excubantem
492 1357 501 1371 ‚
519 1339 549 1364 et
568 1332 840 1375 arehiepiscopum
859 1331 985 1373 quidem
1011 1332 1101 1363 altari

91 1401 109 1414 ι»
126 1386 321 1418 assistentem
341 1392 538 1424 mactarimt;
557 1386 709 1428 populum
722 1395 798 1416 vero
816 1395 881 1415 non
893 1385 1098 1423 resistentem,

91 1454 108 1467 a
122 1439 179 1475 sed
193 1439 290 1472 subiti
301 1450 390 1471 casus
399 1445 528 1482 stupore
541 1438 695 1481 rigentem
708 1437 817 1480 gladiis
830 1437 1036 1470 trucidarunt.
1052 1438 1101 1469 Sic

91 1508 107 1522 ι
123 1499 217 1536 capta
240 1500 272 1526 et
291 1495 326 1526 in
345 1499 530 1536 potestatem
551 1492 763 1536 spurcissimae
787 1492 889 1535 gentis
906 1491 1035 1523 redacta
1055 1498 1102 1524 est

92 1561 108 1576 ιι
124 1548 253 1586 Edissa,
274 1547 371 1579 tantis
387 1554 472 1579 retro
492 1546 690 1590 temporibus
707 1557 834 1589 semper
848 1546 965 1578 invicta
977 1571 984 1585 ‚
1001 1553 1033 1578 et
1050 1558 1103 1578 an·

92 1615 107 1630 ι
123 1601 213 1644 tiqua
233 1601 308 1633 fidei
330 1601 510 1633 christianae
533 1601 672 1632 alumna.
690 1599 863 1631 Latissimis
888 1611 1014 1642 quoque
1034 1601 1103 1633 fini-

93 1670 110 1682 »
121 1654 182 1686 bus
198 1655 266 1698 ejus
281 1655 431 1698 pertinaci
448 1653 585 1686 hostium
603 1654 708 1685 surore
722 1653 861 1696 pervasis
872 1677 880 1690 ‚
901 1660 931 1685 et
945 1654 978 1684 in
994 1664 1102 1686 eorum

93 1723 108 1736 ιι
123 1709 354 1751 possessionem
379 1707 583 1746 cedentibus,
606 1707 786 1739 christianae
814 1706 973 1748 religionis
1001 1708 1103 1738 cultus

93 1778 109 1791 ιι
125 1768 214 1794 trans
233 1762 426 1806 Euphratem
439 1762 584 1794 funditus
605 1762 728 1793 deletus
742 1767 800 1793 est.
817 1761 912 1793 Tanti
932 1761 1007 1792 mali
1022 1761 1103 1792 sama

94 1831 109 1845 ι·
121 1817 215 1849 exciti
231 1817 418 1856 Christiani,
436 1831 450 1844 n
464 1822 525 1848 etc.
540 1821 587 1848 Ita
599 1816 781 1848 willelmus
796 1815 1025 1857 Neubrigensis
1039 1839 1046 1851 ‚
1063 1815 1102 1846 de

91 1870 203 1903 Rebus
215 1871 311 1913 Angl.
325 1871 408 1903 libro
429 1874 460 1908 1,
480 1880 553 1913 cap.
578 1873 630 1902 18.
649 1872 730 1901 Ecce
750 1868 803 1900 hic
819 1874 866 1900 est
882 1869 934 1900 ille
950 1868 1053 1910 gravis
1069 1873 1102 1899 et

93 1923 281 1956 miserabilis
302 1923 475 1956 Orientalis
489 1922 637 1955 Ecclesiae
659 1922 793 1965 gemitus
806 1946 814 1961 ‚
831 1921 870 1953 de
891 1934 954 1965 quo
970 1925 1104 1954 Bernar-

93 1978 166 2010 dus.

143 2037 209 2065 666
241 2036 284 2066 A.
309 2045 352 2065 an
378 2045 559 2065 namucum
585 2044 845 2065 mootxrtoxcn
874 2044 1106 2064 ,mcinnmsco-

94 2099 178 2120 run.
191 2106 239 2111 ——
250 2091 290 2120 In
309 2089 418 2120 codice
438 2088 680 2131 Aquicinctensi
700 2088 833 2131 epistola
848 2091 913 2119 365
929 2087 1014 2119 huuc
1031 2099 1107 2130 prze-

93 2141 155 2173 fer!
163 2140 291 2173 titulum
306 2151 315 2173 :
331 2140 389 2174 Ad
399 2142 569 2173 Hernicum
581 2142 805 2185 Jloguntimzm
819 2140 1102 2185 archiepiscopum,

94 2203 208 2227 contra
213 2195 352 2238 fratrem
368 2195 552 2239 Rodulfum,
574 2197 629 2241 qui
645 2196 715 2227 neci
739 2193 924 2226 Judoeorum
951 2206 1108 2225 consense-

93 2255 154 2281 rat.
171 2252 219 2281 Ita
246 2249 434 2281 Edmundns
458 2253 606 2282 Martene
625 2249 657 2280 in
684 2249 889 2292 Amplissima
916 2248 1107 2280 Collectione

93 2308 236 2334 veterum
254 2303 445 2345 scriptorum
460 2309 492 2334 et
511 2309 805 2342 monumentorum,
822 2314 895 2346 pag.
920 2305 998 2334 745.
1010 2302 1036 2342 ἦ·

143 2360 210 2388 666
227 2359 263 2389 C.
285 2360 390 2389 Homo
414 2357 467 2389 ille
487 2357 605 2400 dequo
624 2357 728 2399 agitur
748 2357 780 2388 in
795 2357 908 2388 litteris
924 2356 1044 2387 vestris.
1060 2374 1105 2379 --

93 2408 249 2441 nadulfus
266 2421 323 2441 seu
342 2409 500 2441 Rodulfus
525 2411 672 2448 nominc,
696 2410 886 2441 describitur
907 2409 991 2452 apud
1018 2412 1106 2440 Otto-

57 2483 62 2486 -
93 2472 168 2493 nem
181 2462 412 2505 Frisingensem
427 2487 435 2501 ‚
455 2463 495 2494 de
508 2462 614 2495 Gestis
626 2462 795 2499 Friderici,
810 2462 892 2493 libro
911 2466 921 2493 1
939 2489 946 2501 ,
963 2472 1031 2504 cap.
1045 2464 1101 2499 37,

73 2558 77 2563 .
94 2523 234 2548 cruentae
251 2516 283 2548 in
298 2516 428 2549 Judaeos
453 2516 681 2559 persecutionis
701 2522 829 2554 auctor,
846 2516 936 2557 cujus
949 2514 1103 2546 seditiosae

95 2569 246 2602 docti-inae
266 2569 382 2601 restitit
397 2570 595 2609 Bernardus,
620 2570 788 2613 ipsumque
814 2569 1004 2605 Radulfum‚
1030 2571 1103 2600 Mo—

95 2623 210 2664 guntiae
233 2623 267 2655 in
286 2623 424 2655 maximo
442 2623 552 2666 populi
575 2623 682 2655 favore
707 2629 888 2666 repertum,
908 2622 1045 2659 monuit,
1066 2633 1106 2652 ne

47 2717 51 2720 q
95 2683 205 2709 contra
228 2677 457 2709 monachornm
479 2678 620 2720 regulam
637 2689 694 2720 per
715 2677 825 2708 orbem
841 2677 982 2718 vagando
997 2700 1004 2714 ,
1032 2687 1106 2718 pro-

94 2728 164 2773 pria
175 2731 363 2762 auctoritate
373 2731 505 2762 verbum
518 2731 754 2773 praedicationis
768 2736 950 2761 assumeret.
967 2729 1105 2760 Tandem

94 2783 136 2815 ad
151 2783 212 2815 hoc
235 2795 307 2816 eum
321 2809 329 2822 ‚
355 2790 390 2816 ut
404 2784 465 2816 sub
489 2784 645 2827 promissa
668 2784 850 2816 obedientia
875 2784 908 2814 in
928 2783 1106 2814 coenobium

95 2846 187 2868 suum
199 2837 368 2876 transiret,
383 2838 532 2877 induxit,
547 2839 667 2881 populo
687 2838 824 2881 graviter
841 2837 1022 2879 indignante
1037 2861 1043 2875 ‚
1062 2842 1104 2873 et,

99 2890 159 2922 nisi
183 2891 282 2934 ipsius
306 2893 478 2925 sanctitatis
495 2893 746 2925 consideratione
770 2897 991 2929 revocaretur,
1011 2891 1106 2921 etiam

96 2945 282 2977 seditionem
300 2957 429 2978 movere
463 2947 599 2979 volente.
626 2950 672 2979 Ita
693 2950 789 2985 Otto,
809 2946 848 2977 de
873 2944 976 2976 Gestis
998 2943 1107 2975 Fride-

95 2998 171 3036 rici,
186 2998 271 3030 libro
288 3002 300 3031 1
317 3023 326 3037 ‚
348 3010 417 3042 cap.
435 3002 490 3032 39.
615 3028 620 3033 .

145 3056 212 3085 668
229 3055 270 3084 A.
287 3053 328 3084 ad
337 3053 561 3096 Hildegardem
576 3053 780 3086 abbatissam.
796 3072 840 3075 —
857 3050 998 3083 Celebris
1017 3061 1105 3082 reve-

95 3102 266 3136 lationibus
281 3105 440 3138 abbatissa
456 3103 570 3149 nempe
594 3106 729 3139 coenobii
748 3108 779 3137 S.
798 3104 933 3147 Ruperti
950 3103 1106 3134 contesso-

96 3156 139 3188 ris
153 3157 188 3189 in
211 3158 356 3200 opposito
380 3159 543 3202 Bingensis
569 3160 698 3202 oppidi,
720 3158 914 3200 Moguntinae
942 3156 1081 3187 dioeccsis
1095 3180 1102 3193 ‚

97 3209 226 3242 Ordinis
241 3213 273 3242 S.
301 3212 480 3250 Benedicti,
501 3211 606 3254 inquit
625 3212 818 3244 Tritbemius
832 3234 839 3245 ,
862 3210 944 3240 libro
966 3209 1004 3239 de
1024 3208 1105 3240 Scri·

96 3263 242 3304 ptoribus
251 3265 478 3298 ecelesiasticis.
486 3269 536 3297 De
546 3266 679 3308 Hildega
684 3265 739 3296 rde
753 3262 971 3304 intelligendus
984 3261 1087 3292 xidetn
1092 3272 1108 3292 1·

97 3317 274 3350 Monachus
291 3319 573 3352 Autissiodorensis
591 3320 631 3351 ad
649 3330 765 3351 annum
785 3322 795 3350 1
810 3321 870 3349 146
888 3342 895 3355 ,
912 3316 959 3347 his
979 3316 1082 3347 verbis
1098 3327 1104 3347 :

98 3382 112 3396 α
131 3372 191 3401 Ρει·
210 3371 295 3404 idem
318 3378 441 3416 tempus
455 3373 487 3404 in
502 3373 697 3405 Alemanniae
711 3372 852 3415 partibus
867 3369 1041 3402 habebatur
1057 3368 1108 3400 ad-

560 184 826 220 LECTIOM-:s
856 186 1132 222 VARIANTES
1162 190 1221 224 ET
1250 192 1394 228 1501·AE
1423 195 1667 233 FL'SIORES.

2073 207 2147 242 9⁵16

1159 282 1170 294 ιι
1188 269 1335 302 mirabilis
1360 272 1446 313 virgo
1472 274 1612 314 quaedam
1639 283 1790 316 prosecta:
1819 280 1934 314 aetatis,
1962 283 2010 312 cui
2035 290 2150 315 tama...

1159 336 1172 347 ι·
1191 323 1321 362 gratiam
1338 325 1436 355 virtus
1461 325 1565 356 dixina
1582 329 1754 359 contulerat
1769 354 1776 365 ,
1793 337 1822 360 ut
1835 355 1842 367 ,
1858 344 1927 362 cuni
1944 335 2006 375 ipsa
2025 337 2100 367 laica
2120 345 2150 367 ct

1160 389 1173 400 ιι
1191 375 1348 406 illitterata
1369 383 1449 407 esset
1461 402 1468 413 ,
1486 379 1669 409 mirabiliter
1683 386 1784 411 taini-n
1801 383 1840 412 ab
1863 384 1920 414 hoc
1935 387 2048 417 mundo
2063 399 2149 430 rapi·-

1161 442 1175 452 ›=
1192 434 1277 458 retur
1303 429 1511 470 frcqucntius,
1530 438 1559 461 et
1592 432 1621 462 in
1651 434 1776 464 suminis
1798 436 1942 474 disceret,
1967 450 2028 469 non
2054 442 2150 472 soloin

1162 494 1174 505 ιι
1195 481 1277 521 quod
1304 489 1410 523 postea
1439 484 1469 513 in
1495 485 1562 514 imis
1590 485 1724 521 diceret,
1755 488 1806 517 scd
1834 490 1933 530 potius
1960 492 2053 532 [quod
2078 495 2149 523 >atis

1162 548 1174 558 ιι
1192 534 1334 565 mirabile
1351 542 1395 567 est
1422 542 1450 567 et
1475 538 1663 580 inauditum)
1683 541 1776 570 ctiam
1805 542 1966 573 scribendo
1993 545 2083 575 latine
2108 547 2151 577 di-

1160 600 1174 612 ι·
1195 592 1290 618 ctaret
1304 611 1311 624 ‚
1335 594 1365 618 ct
1391 589 1536 620 dictando
1557 590 1651 622 libros
1676 593 1831 624 catholica·
1849 596 1994 627 doctrina·
2022 600 2150 629 contice-

1160 652 1174 664 ιι
1191 645 1247 669 ret.
1269 655 1280 665 ιι
1295 640 1375 671 vide
1389 641 1623 684 chronologiam
1639 651 1774 676 nostram
1789 646 1826 676 ad
1840 658 1954 678 annum
1975 654 1982 679 t
1998 652 2070 680 isis.
2087 652 2152 681 llil·

1160 692 1302 734 degardis
1318 694 1455 736 epistolze
1472 695 1625 727 habentur
1648 698 1678 728 in
1704 699 1893 731 Bibliotheca
1917 705 2059 740 Patroni,
2079 715 2154 744 quas

1160 746 1241 778 inter
1263 759 1322 779 una
1342 755 1441 780 exstat
1465 750 1504 780 ad
1530 752 1722 782 Bernardum
1746 753 1776 783 in
1800 765 1860 794 qua
1880 755 1945 796 ejus
1969 757 2101 787 studium
2123 759 2153 788 in

1161 800 1358 842 praedicanda
1372 813 1457 833 sacra
1471 804 1669 845 expeditione
1683 805 1803 841 laudat,
1818 818 1948 848 euinque
1960 824 1970 833 r-
1985 815 2055 839 ante
2071 810 2154 841 bien-

1162 867 1175 880 ιι
1191 854 1276 884 nium
1292 855 1369 885 sicut
1388 854 1544 887 hominem
1563 857 1593 887 in
1613 858 1676 888 sole
1691 873 1706 884 n
1726 869 1757 889 se
1778 859 1890 890 vidisse
1910 861 1993 891 dicit.
2018 864 2154 894 Joanncs

1162 907 1403 940 Saresberiensis
1428 911 1492 951 ejus
1517 911 1651 941 visiones
1675 913 1751 954 petit
1782 924 1799 944 a
1825 914 1969 955 magistro
1998 915 2152 954 (iirardo,

1162 972 1293 1004 eamque
1307 963 1380 993 dicit
1394 963 1532 1005 Eugenio
1549 975 1636 1007 papae
1651 966 1892 1008 acceptissimam
1910 967 2015 998 fuisse.

1212 1019 1272 1047 671
1296 1019 1332 1047 B.
1354 1017 1407 1058 qui
1427 1017 1459 1047 in
1477 1028 1571 1048 manu
1588 1026 1686 1050 vestra
1704 1027 1848 1062 operatus
1862 1027 1905 1051 est
1922 1022 2049 1052 salutem
2064 1022 2093 1053 in
2111 1034 2156 1053 ec-

1164 1068 1256 1100 clesia
1281 1071 1594 1104 Sanctae-Genovefae.
1615 1091 1660 1095 ——
1683 1075 1760 1113 Quae
1785 1074 1820 1104 sit
1849 1074 1928 1105 salus
1952 1075 2028 1112 ista,
2048 1075 2155 1117 collige

1164 1132 1200 1152 ex
1225 1122 1382 1164 Stephano
1396 1125 1585 1155 Tornaccnsi
1603 1125 1765 1168 episcopo,
1786 1127 1940 1168 quondam
1955 1127 2066 1159 abbate
2079 1131 2156 1160 San-

1165 1175 1422 1213 ctae-Genovetae,
1451 1177 1482 1207 in
1507 1188 1648 1209 sermone
1676 1179 1713 1209 de
1741 1179 1958 1210 reformatione
1986 1180 2154 1222 disciplina:

1164 1228 1279 1259 ibidem
1298 1228 1388 1260 facta.
1411 1244 1423 1255 «ι
1443 1234 1536 1261 Anno
1549 1255 1556 1267 ‚
1579 1246 1591 1257 »
1611 1231 1727 1272 inquit,
1755 1246 1766 1257 κ
1785 1231 1824 1262 ab
1849 1234 2064 1263 Incarnationc
2093 1237 2154 1264 Do-

1166 1298 1180 1310 »
1197 1283 1272 1314 mini
1292 1283 1408 1314 factum
1431 1290 1476 1315 est
1490 1284 1620 1315 verbum
1637 1285 1668 1315 in
1691 1286 1803 1326 palatio
1823 1286 1931 1327 Regis,
1950 1292 1978 1316 et
1995 1293 2156 1317 tractatum

1167 1352 1180 1363 ιι
1200 1336 1379 1367 solemniter
1390 1361 1397 1375 ‚
1420 1343 1449 1368 ct
1465 1344 1656 1379 protractum
1670 1338 1820 1376 fideliter,
1837 1345 1866 1369 ct
1881 1338 2007 1370 feliciter
2021 1350 2158 1371 consum-

1167 1404 1180 1417 »
1200 1396 1328 1421 matum.
1342 1392 1507 1422 Venerunt
1531 1391 1632 1422 nuntii
1655 1391 1707 1432 qui
1734 1392 1891 1429 dicerent,
1912 1392 2067 1423 ecclesiam
2090 1403 2158 1423 san-

1167 1458 1181 1470 ιι
1202 1449 1322 1474 ctorum
1344 1443 1554 1485 apostolorum
1569 1444 1650 1475 Petri
1664 1450 1694 1474 ct
1710 1444 1796 1475 Pauli
1811 1468 1817 1481 ‚
1834 1444 1865 1474 in
1887 1450 1991 1475 moute
2008 1445 2158 1475 Locutitio

1169 1511 1181 1522 ιι
1197 1496 1305 1534 sitam,
1334 1497 1365 1527 in
1388 1507 1447 1538 qua
1475 1496 1606 1538 gloriosa
1632 1497 1717 1538 virgo
1751 1496 1913 1527 Gonou—fa
1936 1497 2097 1538 requiescit
2127 1496 2158 1527 in

1170 1564 1182 1577 »
1203 1560 1333 1591 corpore
1344 1574 1352 1588 ‚
1369 1550 1473 1580 multis
1487 1550 1599 1592 exponi
1619 1550 1763 1592 periculis
1777 1575 1784 1588 ,
1800 1556 1830 1580 it
1852 1550 1974 1580 informi
1995 1556 2075 1581 statu
2092 1561 2160 1581 suo-

1169 1616 1184 1626 »
1201 1613 1270 1632 rum
1295 1613 1416 1633 morum
1440 1603 1561 1644 potius,
1587 1614 1679 1645 quam
1703 1613 1862 1633 murorum
1883 1602 1991 1633 minari
2017 1603 2159 1634 ruinam:

1170 1672 1184 1683 ιι
1201 1657 1280 1687 lilios
1306 1657 1372 1698 ejus
1397 1657 1591 1698 singulariter
1615 1664 1645 1688 et
1670 1657 1856 1688 saecularitcr
1872 1656 2007 1687 viventes
2026 1667 2161 1698 quaerere.

1170 1724 1183 1736 ιι
1201 1720 1269 1751 quae
1283 1721 1337 1741 sua
1350 1717 1420 1741 sunt
1434 1735 1441 1747 ‚
1458 1710 1563 1752 vagari
1576 1717 1644 1753 post
1659 1722 1765 1752 greges
1778 1710 1928 1741 sodalium
1950 1721 2072 1740 suorum
2091 1721 2098 1741 :
2113 1721 2162 1741 cc-

1169 1778 1185 1789 v>
1203 1763 1373 1795 clesiastica
1390 1763 1542 1805 stipendia
1553 1788 1560 1797 ,
1577 1774 1643 1805 quae
1666 1770 1735 1794 sunt
1752 1762 1865 1795 tributa
1885 1763 2036 1804 egentium
2050 1763 2163 1794 anima-

1171 1832 1184 1844 ιι
1201 1828 1271 1847 rum
1282 1841 1289 1854 ‚
1309 1828 1368 1859 pro
1386 1817 1545 1848 voluntate
1562 1827 1616 1847 sua
1632 1827 1812 1847 consumere
1832 1826 1838 1848 :
1857 1815 2012 1858 portiones
2026 1816 2063 1847 de
2083 1827 2162 1847 com-

1169 1885 1182 1896 ιι
1201 1870 1288 1901 muni
1300 1870 1401 1901 facere
1413 1894 1421 1907 ,
1442 1876 1471 1900 et
1486 1880 1549 1900 non
1571 1870 1675 1900 vivere
1693 1869 1724 1900 in
1740 1869 1896 1900 communi
1916 1878 1922 1900 :
1941 1867 2044 1898 divina
2063 1868 2164 1899 officia

1171 1939 1183 1951 ιι
1203 1924 1304 1955 minus
1318 1924 1429 1956 devote
1442 1948 1449 1962 ‚
1466 1924 1568 1955 minus
1581 1923 1721 1965 religiose
1736 1922 1901 1954 celebrare.
1915 1925 2044 1964 Propter
2056 1920 2121 1952 hsce
2135 1927 2165 1952 et

1171 1994 1184 2006 ιι
1202 1979 1261 2010 alia
1284 1989 1354 2020 quae
1376 1978 1436 2009 dici
1453 1989 1516 2009 non
1533 1989 1610 2020 opus
1624 1983 1686 2015 est,
1704 1987 1904 2019 personarum
1923 1982 2035 2008 statum
2054 1975 2165 2006 mutari

1172 2048 1185 2059 ιι
1203 2032 1318 2063 debere
1332 2056 1339 2069 ‚
1355 2031 1500 2062 mundari
1518 2037 1620 2061 sancta
1632 2055 1639 2068 ‚
1657 2036 1686 2061 et
1702 2030 1734 2060 in
1756 2030 1866 2060 melius
1880 2028 2028 2060 ordinari.
2048 2027 2166 2058 Placuit

1173 2101 1186 2113 ιι
1203 2097 1305 2117 sermo
1322 2085 1353 2116 in
1367 2085 1463 2116 oculis
1477 2084 1601 2115 Domini
1617 2083 1744 2114 sabaoth
1758 2107 1764 2121 ,
1781 2089 1810 2114 et
1824 2082 1999 2124 principum
2012 2082 2076 2122 ejus
2087 2105 2094 2118 ‚
2109 2091 2165 2111 nec

1174 2154 1186 2165 ιι
1201 2138 1268 2169 sine
1284 2138 1390 2169 laetitia
1410 2136 1514 2167 mirati
1531 2142 1601 2167 sunt
1621 2135 1766 2166 universi.
1783 2150 1795 2161 ιι
1813 2138 1848 2165 In
1866 2145 1903 2166 ea
1922 2144 2015 2176 porro
2037 2133 2164 2164 ecclesia

1172 2191 1336 2222 canonicos
1352 2191 1510 2232 regulares
1530 2192 1559 2220 S.
1576 2188 1740 2230 Augustini
1760 2188 1932 2219 instituerat
1951 2186 2093 2228 Sugerius
2109 2196 2164 2227 pro

1172 2244 1332 2275 monachis
1343 2269 1349 2281 ‚
1366 2254 1443 2285 quos
1466 2242 1620 2284 Eugenius
1637 2253 1672 2273 eo
1694 2241 1796 2272 induci
1820 2246 2006 2284 przeceperat
2020 2240 2051 2269 in
2065 2239 2166 2271 locum

1171 2298 1394 2329 canonicorum
1412 2295 1606 2327 saecularium
1622 2306 1629 2326 z
1646 2305 1706 2336 qua
1723 2295 1761 2325 de
1778 2305 1810 2328 re
1832 2294 1903 2325 item
1929 2294 1960 2324 in
1974 2292 2101 2334 epistola
2118 2303 2165 2322 se-

1171 2358 1303 2393 quente,
1328 2350 1381 2381 ubi
1398 2349 1524 2381 ecclesia
1543 2348 1581 2379 de
1597 2351 1707 2379 Monte
1724 2348 1895 2391 appellatur
1908 2371 1915 2384 ‚
1935 2346 2050 2376 scilicet
2073 2348 2165 2375 Locu-

1170 2405 1236 2436 titio
1248 2428 1255 2442 ‚
1275 2410 1308 2434 ut
1332 2403 1405 2433 olim
1424 2401 1596 2433 dicebatur.
1612 2400 1692 2431 Vide
1714 2399 1832 2441 Sugerii
1853 2399 1995 2442 epistolas
2008 2422 2015 2435 ‚
2034 2397 2085 2427 ubi
2101 2397 2165 2427 hacc

1169 2465 1198 2490 et
1212 2463 1374 2499 sequentes
1387 2457 1508 2487 insertae
1524 2464 1604 2485 sunt.

1219 2514 1283 2544 072
1302 2514 1341 2541 A.
1357 2512 1488 2551 Oportet
1509 2517 1562 2537 vos
1580 2505 1702 2547 operari
1716 2515 1808 2547 opera
1822 2505 1886 2546 ejus
1908 2503 1959 2545 qui
1975 2502 2095 2543 reliquit
2111 2512 2164 2531 vos

1170 2566 1201 2596 in
1227 2565 1295 2596 loco
1318 2573 1384 2593 suo.
1401 2581 1445 2585 ——
1462 2561 1499 2592 Id
1525 2559 1563 2590 de
1583 2559 1739 2590 Ludovico
1753 2557 1883 2589 Juniore
1908 2554 2160 2597 intelligendum,

1171 2620 1223 2662 qui
1240 2619 1271 2649 in
1292 2617 1454 2649 Orientem
1477 2614 1632 2656 profectus
1645 2636 1652 2649 ,
1679 2611 1805 2652 Sugerio
1821 2610 1902 2640 vices
1919 2619 1987 2639 suas
2003 2607 2163 2639 commise-

1170 2680 1216 2704 rat
1235 2683 1242 2704 :
1264 2671 1348 2703 unde
1370 2667 1544 2701 Bernardus
1559 2667 1590 2697 in
1613 2664 1764 2707 superiori
1785 2663 1913 2706 epistola
1939 2662 1999 2698 ait,
2028 2660 2165 2691 oninium

1172 2725 1368 2758 ecclesiarum
1383 2732 1488 2753 curam
1503 2720 1529 2751 ei
1543 2730 1608 2751 esse
1624 2718 1816 2749 commissam
1831 2728 1838 2754 ;
1854 2722 1883 2746 et
1897 2715 1928 2746 in
1942 2714 2067 2756 epistola
2081 2724 2164 2744 nnnc

1174 2783 1239 2812 376
1256 2779 1295 2810 ad
1308 2776 1451 2809 eumdem
1470 2790 1481 2800 =‹
1499 2773 1672 2807 Maximus,
1688 2786 1702 2796 ιι
1720 2770 1839 2812 inquit,
1862 2784 1874 2796 ιι
1888 2769 2033 2810 Princeps
2047 2766 2117 2798 estis
2133 2766 2164 2796 in

1174 2849 1186 2860 ι,
1204 2843 1310 2875 regno.
1344 2846 1356 2857 ιι
1379 2829 1470 2860 L'nde
1494 2843 1506 2854 u
1529 2825 1701 2868 Majestatis
1724 2840 1736 2851 ιι
1753 2822 1879 2854 nomine
1901 2821 2103 2863 compellatur
2126 2819 2165 2849 ab

1174 2886 1300 2928 L‘lgerio
1322 2881 1540 2924 Andegavensi
1559 2880 1703 2922 episcopo
1724 2878 1756 2908 in
1782 2876 1909 2919 epistola
1932 2878 1950 2907 3
1972 2874 2051 2905 inter
2072 2875 2165 2914 Suge-

1173 2940 1285 2970 rianas.

1222 2995 1286 3023 672
1314 2992 1350 3022 C.
1366 2992 1464 3031 Supra
1478 2987 1558 3017 vires
1578 2991 1623 3017 est
1637 2983 1772 3016 hominis
1790 2982 1946 3025 negotium
1965 2986 2109 3012 vestrum.
2123 2996 2165 3000 —

1173 3048 1208 3079 Id
1225 3052 1269 3077 est
1287 3043 1442 3087 expeditio
1457 3052 1542 3072 sacra
1562 3051 1569 3071 :
1586 3039 1667 3070 unde
1680 3039 1746 3070 haec
1759 3037 1889 3080 epistola
1905 3037 1970 3066 sine
1983 3034 2077 3065 dubio
2090 3031 2165 3063 refe-

1172 3100 1269 3132 renda
1291 3104 1335 3129 est
1361 3096 1400 3127 ad
1424 3094 1615 3127 Ludos-icum
1640 3093 1822 3129 Juniorem‚
1853 3090 1904 3132 qui
1926 3088 2057 3120 Mariam
2081 3096 2163 3117 suain

1172 3151 1410 3197 primogenitam
1433 3149 1497 3180 filio
1511 3147 1654 3179 fulconis
1667 3145 1904 3187 Andegavorum
1919 3141 2036 3173 comitis
2046 3165 2053 3177 ,
2068 3139 2118 3180 qui
2132 3139 2163 3168 iu

1174 3208 1335 3240 Orientem
1356 3203 1449 3235 etiam
1473 3201 1629 3245 profectus
1651 3206 1714 3237 est,
1739 3199 1923 3240 conjungere
1937 3193 2075 3228 volebam
2096 3201 2162 3232 ‘1¹¹ae

1174 3273 1224 3294 res
1244 3260 1357 3291 effectu
1380 3257 1477 3289 caruit
1493 3281 1500 3295 ,
1514 3256 1616 3288 Maria
1634 3253 1768 3285 Henrico
1783 3249 1957 3292 Campaniae
1979 3246 2080 3277 comiti
2102 3251 2163 3275 tra-

1175 3314 1251 3345 dita.

1224 3370 1291 3399 680
1304 3368 1339 3398 C.
1364 3363 1542 3395 maledictas
1556 3361 1621 3392 illas
1642 3358 1804 3390 nundinas.
1820 3373 1861 3378 -
1881 3358 1957 3395 Qua·
1980 3352 2042 3383 istic
2056 3349 2162 3381 nundi.
