2517 3920
361 216 460 253 1403
1018 214 1298 250 ADMONITIO
1326 214 1376 249 IN
1407 213 1709 249 OPUSCULUM
1736 215 1786 249 X.
2348 213 2442 250 1404

356 291 511 330 Verum
534 304 626 328 cum
650 288 874 328 Bernardus
897 289 1063 342 Hugone
1083 289 1290 329 Victorino
1320 297 1496 342 rogante,
1516 288 1728 327 adversarii
1756 289 1939 336 auctoris,
1959 290 2071 339 cujus
2102 303 2247 327 nomen
2270 298 2444 328 tacuerat

354 359 471 410 Hugo
486 387 495 405 ‚
510 371 581 394 nec
600 355 822 394 Bel-nardus
841 356 922 407 ipse
941 355 1086 394 sciebat
1102 385 1112 402 ‚
1135 355 1415 394 assertionibus
1430 354 1676 407 responderit
1690 372 1698 401 ;
1720 354 1769 392 de
1788 354 1866 392 alio
1883 368 2007 406 quam
2021 354 2070 393 de
2084 355 2251 408 Hugone
2266 356 2418 395 Farsito
2434 387 2443 404 ‚

353 424 466 473 cujus
490 423 725 461 sententiam
753 431 791 460 et
810 436 956 460 nomen
987 421 1099 459 haud
1126 421 1335 473 ignorabat
1360 420 1584 459 Bernardus
1599 450 1609 467 ,
1638 433 1804 471 sequens
1832 419 1997 470 epistola
2030 419 2283 473 intelligenda
2313 421 2446 460 forsan

354 487 556 527 nonnullis
575 487 787 526 videbitur.
804 486 1047 538 Quanquam
1066 487 1204 537 reponi
1226 495 1369 537 potest,
1391 485 1641 524 collationem
1658 484 1784 532 illam,
1803 484 1851 522 de
1866 498 1947 535 qua
1966 484 2190 523 Bernardus
2209 486 2290 537 agit
2309 486 2350 523 in
2367 486 2449 536 epi-

356 553 456 592 stola
475 554 674 606 trigesima
691 554 833 605 quinta
848 583 857 601 ‚
879 566 958 590 esse
977 552 1141 590 fortasse
1159 553 1418 603 posteriorem
1435 551 1509 589 hac
1521 550 1686 602 epistola
1706 551 1994 603 septuagesima
2006 552 2188 602 septima,
2210 565 2333 602 quam
2354 565 2445 590 cum

355 619 539 658 scriberet
557 618 779 657 Bernardus
795 649 804 665 ,
826 617 1007 655 nondum
1033 617 1213 656 rescierat
1240 618 1329 669 quis
1348 626 1445 655 esset
1464 626 1601 655 auctor
1618 616 1725 654 illius
1742 616 1940 654 sententiae
1956 646 1965 663 ‚
1988 630 2111 667 quam
2131 615 2207 654 hae
2221 617 2262 654 in
2284 617 2448 668 epistola

355 688 577 738 impugnat.
610 685 714 723 Utut
744 686 794 722 sit
812 714 821 731 ‚
840 683 922 721 haec
936 682 1103 734 epistola
1122 697 1202 721 non
1218 693 1276 722 est
1295 693 1430 722 contra
1454 682 1723 722 Abaelardum
1735 712 1744 730 ‚
1772 682 1884 732 cujus
1908 682 2061 720 nomini
2083 681 2196 720 haud
2213 683 2448 734 pepercisset

358 752 474 804 Hugo
503 769 511 789 :
546 752 701 789 tametsi
729 749 973 787 Abaelardus
992 748 1177 800 quaedam
1202 749 1325 788 habet
1344 750 1476 787 affinia
1495 750 1564 797 iis,
1595 762 1682 801 quae
1706 749 1830 800 carpit
1857 747 1932 785 hoc
1952 748 1992 785 in
2014 747 2100 786 loco
2128 747 2368 786 Bernardus.
2389 747 2448 786 De

357 826 533 868 tempore
562 817 712 867 scriptae
738 815 909 867 epistolae
936 815 977 853 id
996 824 1154 853 tantum
1169 830 1340 854 asserere
1361 829 1573 867 possumus
1590 845 1599 863 ‚
1623 830 1712 854 eam
1736 823 1826 853 ante
1845 828 1998 852 annum
2016 814 2117 852 1142
2131 844 2141 863 ‚
2158 828 2240 865 quo
2261 823 2447 853 mortuus

357 890 415 920 est
430 884 613 936 magister
633 883 749 934 Hugo
771 882 999 920 Victorinus
1015 911 1024 929 ,
1050 882 1235 932 scriptam
1252 880 1386 919 fuisse.
