2533 3920
311 210 358 247 39
1048 204 1303 241 PRAEFATIO
1348 202 1636 238 GENERAIJS.
2332 193 2381 229 lit)

308 301 437 353 nalis,
469 313 597 355 quem
627 299 800 341 titulum
819 300 943 339 Petro
962 297 1112 338 Leonis
1139 309 1162 336 a
1184 293 1382 336 Pasehale
1409 304 1652 334 concessum
1679 290 1808 330 fuisse
1828 286 2076 340 Onuphrius
2107 284 2238 327 tradit
2263 299 2273 325 :
2298 297 2384 339 qua

311 379 355 418 in
378 391 423 419 re
446 378 586 431 potior
604 381 666 417 est
681 375 905 417 auctoritas
929 371 1251 426 chronographi
1277 370 1633 420 Mauriniacensis,
1653 367 1740 421 ejus
1759 365 1960 419 temporis
1986 364 2173 418 aequalis.

370 455 560 496 XXXlX.
584 454 811 506 Gregorius
828 451 1029 492 diaconus
1043 449 1266 491 cardinalis
1287 450 1353 490 tit.
1373 448 1505 488 saneti
1525 446 1674 499 Angeli
1696 444 1748 485 ab
1768 443 1939 485 Urbano
1954 443 1995 483 II
2017 446 2181 483 creatus
2199 441 2383 494 dieitur3

314 546 360 574 ae
373 532 524 574 deinde
547 532 708 584 legatus
730 544 753 571 a
778 530 948 571 Callisto
965 530 1007 570 II
1034 529 1078 568 111
1097 527 1273 569 Galliam
1301 526 1454 566 missus
1478 536 1574 564 cum
1597 526 1723 564 Petro
1740 521 1904 571 Leonis,
1923 531 2034 560 anno
2062 520 2195 571 1124,
2215 520 2385 573 Sagium

313 610 515 650 Ncustritr
539 609 750 649 civitatem
778 619 875 648 011111
900 618 949 646 eo
979 605 1176 656 accessit,
1197 607 1299 644 teste
1329 599 1531 644 Orderico
1554 598 1580 640 ¹.
1603 601 1665 640 De
1688 599 1764 639 hae
1787 597 1993 650 legatione
2023 596 2081 636 ita
2107 595 2255 638 scribit
2275 597 2384 637 Vin-

315 687 477 727 centius
508 687 550 726 in
582 684 692 725 libro
729 682 913 725 secundo
934 682 985 723 de
1008 683 1103 722 Vita
1129 680 1326 734 Stephani
1351 677 1742 721 Grandimontensis
1759 708 1768 727 ,
1788 687 1878 729 cap.
1895 675 1948 716 49
1968 688 1977 714 :
1997 692 2012 708 «
2038 674 2387 716 Excellentissimi

319 785 333 798 »
372 776 542 819 quoque
559 762 803 814 cardinales,
824 761 1051 814 Gregorius
1069 765 1111 801 et
1131 761 1281 801 Petrus
1298 757 1462 809 Leonis,
1483 757 1593 796 inter
1610 766 1717 808 quos
1733 751 2003 807 postmodum
2021 751 2073 793 de
2089 753 2252 806 Papatu
2270 752 2385 794 sehi-

320 861 334 875 »
373 854 460 882 sma
480 840 585 892 suit,
608 852 704 882 cum
722 840 766 880 in
789 838 965 880 Galliam
992 837 1134 889 missi,
1154 837 1197 876 111
1214 833 1407 889 partibus
1425 832 1657 874 Lemovieis
1682 831 1887 884 legatione
1910 841 1985 870 sua
2010 828 2307 883 fungerentur,
2332 829 2387 871 ad

320 938 334 952 n
373 918 485 958 1111110
509 918 648 958 virum
669 918 776 958 Dei»
798 915 1052 969 Stephanum
1075 932 1090 948 «
1114 914 1270 969 pariter
1286 915 1587 953 convenerunt.
1617 930 1632 945 »
1648 912 1697 951 Et
1712 909 1885 964 quidem
1915 908 2206 950 constitutioni
2225 909 2389 963 Sugerii

314 994 476 1035 abbatis
496 1006 605 1035 anuo
631 996 737 1035 1125
762 993 1103 1046 subscripserunt
1121 991 1244 1032 ambo
1261 994 1309 1031 ut
1338 990 1490 1043 legati,
1520 988 1634 1044 apud
1655 988 1884 1030 Chesnium
1909 1001 1918 1028 ι
1945 1005 1961 1022 «
1990 989 2078 1041 Ego
2098 989 2251 1029 Petrus
2272 985 2388 1029 Sedis

317 1090 332 1104 »
369 1071 605 1123 apostolieae
626 1070 847 1124 presbyter
864 1068 1086 1110 cardinalis
1107 1073 1147 1110 et
1170 1068 1329 1122 legatus
1348 1068 1474 1109 laudo
1495 1073 1535 1110 et
1552 1067 1771 1109 confirmo.
1794 1069 1882 1120 Ego
1899 1067 2130 1121 Gregorius
2147 1067 2387 1108 51111011Αο-

316 1166 329 1181 υ
369 1147 451 1200 geli
470 1146 671 1188 diaconus
691 1145 917 1187 cardinalis
940 1149 981 1186 et
1006 1145 1242 1198 apostolieie
1264 1146 1380 1187 Sedis
1405 1144 1606 1199 legatus⁵²,
1623 1151 1701 1188 etc.
1726 1166 1741 1181 »
1765 1145 1922 1187 Eodem
1939 1150 2129 1200 tempore
2145 1144 2387 1187 Bernardus

311 1224 514 1280 quasdam
539 1224 733 1279 epistolas
758 1225 926 1279 scripsit
958 1226 1083 1265 Petro
1103 1224 1278 1265 diacono
1301 1222 1503 1264 cardinali
1529 1224 1679 1277 legato,
1702 1223 1906 1264 nimirum
1935 1223 2155 1277 epistolam
2178 1221 2386 1264 decimam

310 1304 530 1358 septimam
555 1308 595 1344 et
620 1308 841 1357 sequentes
872 1317 881 1343 :
912 1315 1040 1357 quem
1072 1304 1213 1357 ipsum
1240 1315 1326 1343 esse
1353 1303 1528 1343 Petrum
1550 1302 1700 1343 Leonis
1719 1300 1949 1355 aliquando
1965 1312 2064 1341 cum
2081 1301 2268 1342 Maurico
2289 1300 2386 1354 opi-

309 1387 432 1422 natus
461 1393 567 1422 sum.
602 1383 655 1421 At
689 1393 785 1421 eum
816 1382 991 1422 Petrum
1020 1380 1162 1432 illum,
1181 1381 1251 1421 cui
1267 1378 1508 1420 Bernartius
1525 1377 1695 1430 scribit,
1715 1377 1964 1430 diaconum,
1985 1389 2072 1418 non
2087 1359 2387 1432 presbyterum

308 1458 563 1500 cardinalem
590 1458 719 1499 fuisse
740 1462 926 1509 constet3
955 1457 1141 1511 epistolae
1162 1457 1245 1499 illae
1265 1459 1391 1498 Petro
1423 1456 1574 1497 Leonis
1603 1456 1828 1497 convenire
1846 1468 1932 1496 non
1960 1459 2162 1510 possunt,
2183 1455 2260 1509 qui
2281 1459 2385 1496 tunc

308 1536 396 1576 sine
423 1534 553 1576 dubio
572 1534 795 1589 presbyter
823 1534 1046 1575 cardinalis
1074 1539 1189 1587 erat,
1219 1540 1269 1576 ut
1301 1535 1454 1590 probat
1486 1546 1572 1575 non
1604 1534 1742 1576 solum
1767 1534 2017 1588 Onuphrius
2045 1547 2143 1576 eum
2171 1534 2280 1587 aliis,
2311 1533 2386 1575 sed

308 1614 431 1654 etiam
450 1614 662 1666 praemissa
685 1613 817 1666 ipsius
834 1613 948 1653 Petri
966 1611 1236 1666 subscriptio,
1254 1618 1382 1668 atque
1410 1613 1573 1666 Sugerii
1597 1613 1900 1664 testimonium,
1921 1612 2039 1667 quod
2067 1625 2166 1654 mox
2195 1611 2383 1654 adduce-

308 1704 416 1732 mus.
448 1692 595 1745 Itaque
618 1692 769 1731 Petrus
796 1690 866 1731 1110
896 1689 1098 1732 diaconus
1117 1690 1341 1732 cardinalis
1362 1704 1407 1732 ae
1428 1691 1604 1744 legatuS,
1621 1691 1691 1731 cui
1708 1690 1914 1732 Bernardi
1938 1691 2178 1745 superiores
2198 1689 2384 1745 epistolae

307 1768 518 1820 inscriptae
546 1772 667 1819 sunt,
695 1767 884 1808 fortassis
919 1768 954 1808 is
983 1768 1070 1821 ipse
1097 1767 1248 1819 fuerit,
1270 1769 1345 1822 qui
1373 1768 1577 1810 adversus
1606 1770 1808 1811 Pontium
1839 1768 2033 1811 abbatem
2066 1769 2384 1812 Cluniaeensem

309 1849 643 1896 exauctoratum,
682 1844 857 1899 ejusque
891 1844 1075 1886 fautores
1109 1846 1360 1898 Pontianos,
1392 1847 1436 1887 in
1473 1847 1651 1888 Galliam
1683 1848 1854 1889 accessit
1893 1861 1944 1889 ex
1971 1847 2170 1890 mandato
2204 1850 2386 1892 Honorii

308 1923 455 1973 Papio,
476 1922 596 1975 cujus
623 1922 683 1962 rei
708 1925 919 1963 auctorem
947 1921 1149 1964 habemus
1183 1924 1358 1966 Petrum
1375 1925 1666 1967 Venerabilem
1686 1927 1729 1967 in
1749 1926 1860 1967 libro
1883 1926 2068 1968 seeundo
2084 1926 2137 1968 de
2153 1928 2383 1980 Miraeulis,

307 2010 397 2052 cap.
426 2001 497 2038 13:
524 2017 539 2032 α
565 2000 805 2040 Decesserat
819 1999 905 2053 jam
926 2012 947 2041 e
967 2001 1053 2042 vita
1079 2014 1207 2055 supra
1240 2003 1421 2057 scriptus
1452 2004 1717 2046 venerandus
1746 2007 1859 2058 Papa
1879 2004 2092 2057 Calixtus,
2116 2017 2194 2046 nec
2209 2018 2252 2047 se
2270 2006 2382 2048 infe-

313 2094 329 2110 »
367 2077 523 2117 riorem
555 2078 712 2130 Papam
747 2077 982 2119 Honorium
1017 2084 1231 2134 acceperat
1258 2092 1552 2123 successorem.
1574 2084 1652 2123 Hic
1680 2087 1805 2124 11111110
1825 2083 2017 2124 Ecclesiae
2051 2102 2067 2118 »
2097 2082 2384 2127 Cluniaeensis

313 2171 328 2186 «
365 2157 503 2195 tantos
519 2154 729 2195 tumultus
753 2154 948 2207 audiens,
980 2157 1106 2198 misso
1140 2157 1192 2199 de
1221 2158 1349 2200 latere
1380 2171 1456 2201 suo
1475 2160 1626 2213 legato,
1645 2160 1818 2202 domino
1838 2160 1995 2202 scilicet
2018 2162 2144 2203 Petro
2163 2161 2381 2215 cardinali,

312 2250 326 2264 υ
365 2231 563 2272 Pontium
587 2236 627 2273 ct
662 2232 910 2285 Pontianos,
933 2234 1007 2287 qui
1041 2238 1142 2276 tunc
1173 2236 1232 2277 sic
1266 2236 1540 2291 vocabantur,
1574 2251 1734 2291 omnes,
1770 2238 1970 2294 adjuncto
1991 2239 2072 2281 sibi
2104 2240 2382 2294 Lugdunensi

313 2327 327 2341 »
367 2309 542 2363 primate
565 2309 775 2362 Hubaldo,
796 2310 976 2351 terribili
1010 2313 1270 2356 anathemate
1292 2315 1601 2358 condemnavit.
1629 2336 1645 2351 »
1671 2316 1801 2371 Cujus
1832 2329 1933 2359 vero
1960 2317 2076 2359 tituli
2101 2319 2137 2359 is
2155 2317 2382 2360 cardinalis

305 2385 432 2426 fuerit
445 2417 455 2437 ,
479 2398 564 2426 11011
583 2385 703 2427 facile
727 2391 788 2428 est
804 2386 979 2429 definire
1002 2402 1011 2428 ι
1035 2402 1133 2430 1111111
1152 2390 1295 2444 plures
1314 2396 1416 2434 tunc
1433 2394 1635 2448 temporis
1655 2399 1773 2436 erant
1788 2427 1798 2447 ,
1820 2399 1973 2449 praeter
1994 2397 2169 2437 Petrum
2200 2396 2352 2437 Leonis
2367 2427 2378 2448 ,

307 2475 355 2504 eo
373 2465 540 2505 nomine
560 2463 815 2517 cardinales,
837 2466 1038 2508 nimirum
1063 2469 1215 2510 Petrus
1239 2471 1462 2526 episcopus
1484 2475 1746 2527 Portuensis,
1766 2477 1918 2516 Petrus
1942 2476 2123 2517 Pisanus
2138 2475 2205 2517 tit.
2230 2480 2382 2517 sanctae

307 2543 523 2594 Susannae,
547 2544 698 2584 Petrus
726 2544 985 2597 'Burgundus
1012 2546 1078 2587 tit.
1104 2548 1238 2588 sancti
1267 2549 1477 2603 Marcelli,
1502 2552 1654 2593 Petrus
1681 2552 1747 2593 tit.
1770 2553 1903 2594 sancti
1933 2553 2125 2608 AEquitii,
2144 2554 2222 2608 qui
2243 2554 2382 2608 prima

307 2620 482 2660 Honorii
506 2621 713 2661 creatione
740 2626 959 2674 promotus
973 2627 1035 2664 est
1053 2636 1163 2666 anno
1189 2627 1312 2678 1125,
1338 2629 1490 2668 Petrus
1511 2627 1732 2683 presbyter
1757 2614 1982 2672 cardinalis
1998 2631 2065 2672 tit.
2090 2636 2244 2674 sanctae
2261 2633 2378 2673 Ana-

306 2698 439 2737 stasiae
467 2709 575 2738 anno
601 2703 821 2751 sequente,
851 2712 898 2741 ac
927 2700 1098 2742 demum
1125 2701 1297 2745 biennio
1328 2712 1424 2759 post
1451 2709 1601 2750 Petrus
1632 2709 1834 2752 diaeonus
1851 2711 1917 2753 tit.
1935 2712 2068 2753 saneti
2090 2710 2279 2754 Adriani.
2301 2710 2381 2754 Sed

306 2778 401 2814 ante
430 2773 582 2814 horum
603 2774 786 2831 duorum
814 2777 1065 2819 creationem
1089 2781 1294 2823 Bernardi
1316 2783 1501 2838 epistolae
1520 2785 1686 2839 scriptae
1712 2786 1927 2829 videntur.

367 2852 450 2892 XL.
478 2853 641 2892 Interea
665 2853 845 2894 moritur
873 2855 1088 2897 Honorius
1122 2858 1318 2900 Pontifex
1353 2861 1492 2902 medio
1528 2862 1743 2904 februario
1775 2865 1874 2906 anni
1915 2867 2039 2908 1130.
2069 2865 2380 2909 praecedentem

307 2929 488 2982 assignat
513 2929 866 2984 Chronographus
893 2932 1239 2976 Mauriniaceusis
1263 2934 1316 2977 de
1347 2949 1463 2978 more
1499 2938 1726 2992 Gallicano,
1766 2953 1852 2996 quo
1889 2942 1991 2983 novi
2031 2942 2129 2983 anni
2166 2941 2337 2983 initium
2356 2955 2380 2984 a

305 3004 506 3046 Pascbatc
536 3005 836 3048 deducebatur.
864 3011 970 3050 Tum
997 3028 1012 3044 «
1042 3011 1294 3065 cardinales,
1330 3033 1345 3048 »
1381 3015 1438 3055 ait
1459 3014 1571 3056 idem
1602 3016 1975 3073 Chronographus,
2001 3037 2016 3053 «
2046 3019 2122 3073 qui
2152 3030 2250 3060 cum
2280 3031 2377 3072 can-

312 3102 326 3116 »
349 3082 515 3123 cellario
550 3103 563 3116 »
595 3084 830 3127 llaimerieo
855 3105 870 3120 «
899 3086 1005 3128 inibi
1053 3088 1249 3143 aderant,
1282 3096 1323 3133 et
1353 3094 1541 3135 Honorio
1564 3094 1796 3138 infirmanti
1834 3096 2096 3150 assederant,
2124 3097 2378 3152 Gregorium

312 3179 325 3192 υ
347 3159 588 3214 quemdam,
617 3181 631 3195 »
657 3173 753 3202 eum
776 3163 932 3206 scilieet
955 3178 1080 3219 quem
1103 3167 1228 3210 modo
1246 3168 1519 3211 laudabamus
1537 3204 1547 3220 ,
1576 3191 1590 3206 «
1619 3174 1791 3215 scientia
1812 3186 1859 3215 ae
1883 3173 2085 3228 religione
2109 3174 2373 3229 praeclarum,

342 3313 348 3330 ¹
371 3312 576 3353 Onici-icus,
596 3313 656 3344 lib.
681 3319 731 3353 12,
753 3325 828 3355 pag.
850 3320 919 3348 877.
935 3335 972 3340 —
989 3319 1002 3336 ²
1021 3320 1210 3360 Cbesnius,
1230 3326 1376 3359 1011104,
1400 3334 1478 3364 pag.
1500 3327 1569 3355 5¹17.
