2517 3920
336 224 431 261 1047

1055 227 1090 262 S.
1122 223 1373 260 BERNARDI
1402 221 1604 256 ABBATIS

2308 218 2404 257 1048

324 316 502 341 coercere
522 303 813 353 contemptum?
832 305 930 341 Cura
951 303 989 339 in
1011 302 1095 353 ipso
1115 311 1225 339 utero
1243 315 1332 352 pes-
1345 299 1493 344 ⁴³⁰ista‚
1521 310 1598 333 non
1626 302 1788 344 propter
1808 302 1854 330 te.
1884 297 2029 344 Nempe
2052 294 2157 344 quod
2179 294 2247 332 tibi
2274 296 2407 334 scribi-

328 364 431 400 simae
462 364 591 400 matris
616 364 814 413 praefocari
840 377 995 413 germen
1023 377 1198 413 nequam.
1218 362 1330 411 Quod
1348 360 1378 393 A
1399 368 1485 403 tur,
1519 357 1589 393 soli
1623 355 1804 405 prodesse
1837 367 1913 390 non
1944 353 2064 390 decet·
2099 354 2170 395 Hic
2198 356 2304 391 locus
2322 369 2410 394 ava-

330 425 382 460 ita
402 425 477 470 fiet,
498 426 529 461 si
545 424 742 474 usurpatio
764 424 875 472 digna
894 423 1222 460 animadversione
1240 422 1337 458 mul-

330 492 465 520 ctetur.
484 485 590 521 Tolle
620 485 927 533 usurpationem,
956 492 992 519 et
1007 491 1248 531 contemptus
1269 495 1338 517 ex-

330 544 563 581 cusationem
600 558 677 580 non
713 543 837 580 habet.
876 547 996 580 Porro
1031 541 1335 579 inexcusabilitas

331 616 464 639 ausum
485 604 679 653 explodet.
700 608 784 640 Non
806 604 853 639 sit
872 603 1032 652 proinde
1050 610 1273 650 usurpator,
1299 609 1336 636 et

330 667 573 713 contemptor
604 664 730 700 nullus
764 664 857 708 erit,
887 671 951 699 aut
985 661 1191 698 admodum
1214 672 1331 695 rarus.

328 726 430 760 Bene
458 724 546 760 facis
571 732 633 768 tu,
658 723 761 772 quod
787 722 1086 771 appellationum
1104 727 1240 768 negato
1258 719 1336 755 suf-

331 783 449 832 fragio
466 811 474 827 ,
495 784 571 819 imo
599 783 776 831 suffugiO,
803 782 921 817 multa
942 780 1101 816 remittis
1120 779 1271 827 negotia
1289 777 1336 814 ad

329 851 619 891 cognoscentes,
651 842 707 878 vel
747 843 812 890 qui
838 852 993 876 noscere
1023 839 1132 874 citius
1161 846 1334 887 possunt.

330 901 406 939 Ijbi
435 902 535 938 enim
568 902 707 937 certior
727 914 769 936 ac
798 900 944 936 facilior
968 898 1096 942 notio,
1124 896 1176 933 ibi
1197 897 1336 934 decisio

333 962 450 997 tutior
469 960 757 1009 expeditiorque
779 972 858 994 esse
881 966 1016 1007 potest.
1036 961 1157 1005 Quam
1180 958 1338 1006 plenum

329 1021 468 1069 gratiae,
483 1033 595 1068 quam
617 1020 824 1055 multorum
842 1018 999 1068 perinde
1014 1031 1083 1067 per
1096 1017 1169 1053 hoc
1180 1025 1217 1053 et
1232 1016 1342 1053 labo-

328 1079 433 1115 ribus
460 1080 605 1128 parcis,
627 1088 664 1115 et
691 1079 926 1128 sumptibus!
955 1082 1004 1114 At
1024 1078 1164 1128 quibus
1181 1078 1234 1114 sic
1255 1092 1339 1114 cre-

1403 419 1527 454 ritiam
1561 417 1704 465 carpit,
1735 429 1754 452 a
1785 428 1862 464 quo
1887 415 1981 451 vitio
2015 415 2194 451 immunis
2223 416 2312 452 satis
2345 425 2408 454 tua

1406 478 1537 527 opinio
1558 485 1635 521 est;
1659 489 1706 512 an
1728 484 1765 511 et
1783 488 1880 524 opus
1895 504 1904 520 ‚
1924 483 1963 511 tu
1986 474 2139 511 videris.
2159 475 2329 513 Vidimus
2351 483 2408 513 ta-

1406 551 1492 573 men
1525 536 1591 586 (ut
1621 535 1748 572 oblata
1773 548 1793 571 a
1824 534 2088 584 pauperibus³
2123 543 2285 580 taceam,
2323 548 2408 585 quae

1403 605 1556 645 tangere
1571 609 1646 632 non
1659 594 1879 644 acquiescis)
1891 595 2138 633 Germanicos
2151 594 2380 632 detumuisse
2390 593 2409 618 ¹³

1401 669 1548 701 saccos,
1570 655 1635 692 sed
1652 655 1796 704 pretio,
1814 667 1892 690 non
1914 667 2047 691 massa.
2069 659 2278 703 Argentum
2299 667 2410 704 repu-

1402 723 1520 751 tatum
1534 724 1590 752 est
1605 715 1732 751 fenum
1752 729 1759 750 :
1776 715 2081 751 summariissnon
2100 714 2231 751 levatis
2242 715 2409 762 sarcinis,

1403 775 1530 811 onusti
1552 774 1799 811 nihilominus
1824 775 2036 824 repatriant
2059 774 2118 810 vel
2151 774 2274 810 inviti.
2303 777 2410 812 Nova

1402 848 1473 872 res.
1501 835 1663 883 Quando
1691 835 1874 871 hactenus
1903 848 2038 871 aurum
2069 838 2192 871 Roma
2220 833 2409 871 refuditd?

1403 899 1450 932 Et
1480 909 1582 932 nunc
1618 900 1882 932 Romanorum
1919 895 2080 932 consilio
2112 894 2150 930 id
2184 898 2409 943 usurpatum

1404 968 1481 992 non
1501 955 1703 992 credimus.
1721 958 1807 991 Duo
1823 963 2036 999 venerunt,
2057 953 2171 991 ambo
2187 953 2409 1003 locupletes,

1405 1023 1438 1051 et
1467 1015 1580 1051 ambo
1602 1015 1668 1051 rei.
1696 1014 1890 1064 Siquidem
1916 1026 2016 1050 unus
2041 1014 2312 1063 Moguntinus‚
2337 1016 2411 1051 Co-

1406 1076 1587 1112 loniensis
1605 1076 1700 1112 alter
1716 1076 1734 1093 *
1758 1090 1765 1111 :
1788 1075 1895 1111 alteri
1909 1074 2029 1124 gratia
2041 1074 2156 1123 gratis
2172 1073 2321 1110 reddita
2334 1082 2389 1111 est
2399 1089 2409 1121 ;

329 1139 416 1183 das,
436 1138 475 1174 id
504 1138 572 1174 tibi
597 1139 828 1175 omnimodis
854 1138 1142 1175 attendendum.
1159 1141 1336 1175 Poteram
1354 1135 1382 1168 Β
1403 1137 1519 1182 alter,
1551 1136 1731 1185 indignus
1767 1135 1883 1172 credo
1917 1135 1978 1171 cui
2010 1134 2131 1184 gratia
2163 1133 2407 1181 redderetur,

328 1199 446 1235 multa
469 1199 515 1234 de
543 1199 678 1235 eodem
713 1199 857 1235 utiliter
884 1198 1023 1234 addere
1052 1198 1108 1234 his
1136 1212 1143 1233 ε
1178 1197 1243 1234 sed
1261 1210 1339 1233 me-

331 1271 414 1294 mor
430 1258 618 1308 propositi
648 1258 742 1304 mei,
771 1266 974 1295 contentus
992 1258 1145 1294 interim
1167 1257 1337 1294 occasio-

332 1330 418 1354 nem
440 1317 606 1363 dedisse,
626 1317 673 1354 ad
695 1318 766 1354 alia
785 1326 949 1354 transeo.

671 1436 849 1475 CAPUT
880 1437 960 1475 III.

329 1560 480 1590 Praesules
505 1559 650 1591 Ecclesiae
676 1570 742 1590 non
765 1565 828 1590 tam
852 1566 887 1590 ut
909 1560 1056 1602 praesint,
1085 1571 1121 1591 ac
1152 1561 1336 1603 semetipsos

395 1620 542 1657 pascant,
563 1625 656 1656 (suam
675 1620 710 1645 ut
733 1614 799 1645 aliis
820 1615 960 1656 prosint,
981 1615 1166 1646 constitutos
1183 1626 1261 1647 esse.

382 1728 442 1765 13.
473 1731 520 1764 Et
535 1728 701 1777 primum
721 1727 825 1777 quod
847 1728 1027 1773 occurrit,
1047 1729 1203 1765 minime
1215 1738 1336 1765 trans-

325 1787 493 1824 eundum
513 1800 613 1823 reor.
635 1791 758 1824 Praees
771 1817 780 1833 ,
798 1796 835 1824 et
851 1788 1105 1837 singulariter.
1129 1789 1190 1826 Ad
1221 1788 1335 1838 quid?

325 1855 430 1895 eget,
451 1845 522 1882 tibi
543 1846 647 1893 dico,
670 1847 988 1883 consideratione.
1006 1848 1202 1897 Numquid
1226 1857 1268 1884 ut
1289 1848 1335 1884 de

1405 1196 1551 1233 audivit
1579 1211 1586 1233 :
1624 1198 1718 1232 Cum
1753 1195 1856 1245 quali
1894 1203 1996 1232 veste
2027 1195 2204 1241 intrasti,
2229 1207 2315 1231 cum
2346 1194 2411 1231 tali

1404 1256 1621 1306 egredieris.
1645 1259 1676 1294 O
1699 1269 1834 1293 vocem
1858 1255 2121 1304 magnificam!
2147 1268 2281 1292 vocem
2301 1267 2411 1304 pror-

1403 1330 1465 1354 sus
1498 1316 1718 1366 apostolicae
1751 1315 1959 1352 libertatis!
1982 1315 2082 1364 Quid
2113 1315 2240 1352 minus
2271 1314 2318 1351 ab
2348 1314 2410 1350 illa

1404 1377 1484 1414 haec
1502 1377 1636 1413 habuit
1650 1406 1659 1422 ,
1682 1378 1854 1412 Pecunia
1874 1385 1936 1411 tua
1955 1385 2074 1411 tecum
2095 1381 2144 1411 sit
2168 1380 2207 1411 in
2223 1376 2412 1424 perditio-

1404 1451 1487 1472 nem
1505 1435 1545 1473 5?
1564 1437 1641 1474 ,Nisi
1667 1436 1773 1486 quod
1793 1436 1832 1472 in
1853 1436 1917 1472 illa
1940 1431 2027 1485 plus
2047 1435 2140 1481 zeli,
2166 1435 2206 1471 in
2231 1435 2303 1471 ista
2325 1434 2411 1483 plus

1403 1497 1598 1534 modestiae
1633 1497 1773 1534 sonuit.
1817 1496 1917 1544 Quid
1956 1496 2020 1532 ille
2065 1495 2112 1532 de
2149 1493 2410 1532 transmarinis

1402 1557 1575 1607 partibus
1606 1571 1705 1607 pene
1729 1571 1750 1593 a
1773 1556 1912 1593 finibus
1942 1564 2055 1593 terrae
2076 1585 2086 1603 ‚
2115 1565 2219 1593 terra
2246 1563 2285 1592 et
2315 1554 2411 1591 mari

1401 1630 1560 1654 currens
1586 1630 1658 1666 pro
1684 1617 1931 1666 episcopatu,
1961 1616 2037 1652 suis
2063 1624 2102 1652 et
2130 1615 2265 1652 alienis
2293 1615 2413 1652 facul-

1402 1676 1542 1713 tatibus
1576 1689 1707 1713 rursus
1742 1675 1939 1712 emendo*
1966 1677 1981 1711 Ρ
2009 1680 2094 1713 Jam
2127 1676 2231 1712 enim
2267 1686 2411 1714 emerat

1400 1736 1518 1785 priuS.
1554 1736 1654 1772 Tulit
1689 1736 1809 1772 multa
1829 1763 1839 1780 ,
1873 1734 1939 1772 sed
1972 1735 2132 1781 retulit,
2165 1748 2244 1772 non
2281 1737 2410 1774 omnia

1403 1805 1542 1832 tamen.
1573 1795 1713 1832 Incidit
1739 1796 1854 1832 miser
1882 1795 1920 1831 in
1943 1808 2078 1832 manus
2098 1795 2211 1841 alias,
2234 1797 2411 1846 accipere

1402 1870 1515 1906 quam
1547 1856 1637 1892 dare
1658 1856 1897 1905 potentiores
1911 1862 1936 1892 Β.
1965 1860 2068 1893 Bene
2102 1856 2248 1903 fecisti,
2267 1865 2350 1894 tuas
2370 1858 2409 1895 in
2440 1852 2452 1863 ’

324 1906 484 1943 subditis
507 1908 680 1943 crescas?
697 1910 967 1956 Nequaquam,
985 1907 1050 1944 sed
1073 1916 1115 1944 ut
1130 1908 1201 1958 ipsi
1222 1907 1267 1944 de
1286 1917 1333 1945 te.
1354 1919 1380 1954 C
1401 1925 1566 1966 utroque
1593 1929 1748 1952 servans
1779 1916 1974 1962 innoxias,
1996 1929 2067 1952 nec
2093 1916 2296 1966 imponere
2316 1917 2413 1954 scili-

324 1965 539 2015 Principem
567 1974 603 2002 te
626 1967 928 2013 constituerunt,
950 1967 1016 2004 sed
1037 1967 1128 2012 sibi,
1153 1981 1230 2004 non
1253 1967 1332 2004 tibi.

322 2025 505 2074 Alioquin
521 2039 597 2075 quo
612 2035 722 2076 pacto
741 2035 775 2063 te
792 2035 946 2076 reputas
962 2028 1199 2078 superiorem
1219 2028 1276 2064 his
1288 2057 1297 2074 ,
1317 2041 1338 2064 a

325 2085 464 2135 quibus
482 2085 709 2123 beneficium
730 2088 951 2124 mendicas?
971 2088 1073 2125 Audi
1091 2089 1302 2125 Dominum
1327 2104 1334 2125 :

331 2148 406 2192 Qui
409 2155 635 2194 potestatem
651 2147 786 2183 habent
798 2161 911 2196 super
926 2162 1001 2193 eos,
1020 2149 1174 2196 benefici
1196 2163 1336 2185 vocan-

324 2214 384 2241 tur
402 2213 426 2242 ¹.
457 2210 505 2243 At
531 2206 632 2243 istud
661 2207 706 2243 de
733 2208 788 2244 his
818 2208 883 2254 qui
914 2208 1005 2244 foris
1035 2218 1135 2245 sunt.
1157 2209 1259 2257 Quid
1288 2211 1335 2246 ad

325 2268 418 2302 nos?
442 2270 496 2303 Tu
525 2268 563 2304 id
588 2267 821 2304 mendaciter
838 2269 996 2315 diceris,
1016 2270 1045 2306 si
1064 2283 1142 2306 non
1168 2278 1242 2306 tam
1264 2270 1335 2307 be-

322 2328 467 2363 neficus
491 2340 589 2373 esse,
614 2341 727 2377 quam
748 2327 929 2365 beneficis
955 2342 1117 2378 praeesse
1142 2330 1331 2367 intendas.

323 2386 434 2422 Parvi
472 2385 686 2436 dejectique
716 2388 832 2423 animi
861 2396 940 2434 est,
972 2388 1018 2424 de
1057 2388 1220 2426 subditis
1255 2403 1332 2427 non

323 2446 538 2495 profectum
567 2460 738 2496 quaerere
766 2447 1032 2496 subditorum,
1052 2449 1117 2486 sed
1145 2458 1334 2498 quaestum

323 2507 538 2555 proprium.
566 2510 610 2543 In
636 2520 786 2544 summo
807 2510 1017 2558 praesertim
1041 2510 1212 2546 omnium
1240 2511 1332 2547 nihil

324 2567 483 2615 turpius.
515 2570 637 2614 Quam
669 2569 828 2617 pulchre
855 2569 1035 2618 Magister
1055 2570 1238 2607 Gentium
1261 2583 1332 2619 pa-

323 2633 448 2661 rentes
474 2626 579 2672 filiis,
599 2639 675 2663 non
698 2627 796 2664 filios
813 2627 952 2665 debere
976 2630 1122 2666 censuit
1146 2630 1334 2666 thesauri-

1403 1984 1462 2012 cet
1483 1975 1684 2012 ambitioso
1698 2005 1707 2021 ‚
1729 1988 1798 2011 nec
1820 1988 2041 2026 supponere
2064 1975 2199 2026 iniquo
2229 1990 2413 2015 mammo-

1404 2049 1462 2072 nae
1499 2035 1754 2084 acquiescens.
1782 2038 1868 2072 Non
1896 2035 1949 2072 sic
1977 2049 1998 2072 a
2023 2048 2194 2086 paupere
2229 2036 2410 2087 episcopo

1405 2096 1649 2141 continuisti,
1676 2095 1770 2132 dans
1789 2095 1895 2145 quod
1922 2096 2053 2141 daret,
2082 2109 2131 2134 ne
2155 2096 2412 2135 immunificus

1403 2164 1602 2192 notaretur
1623 2170 1630 2191 :
1653 2156 1799 2205 accepit
1816 2156 1932 2202 clam,
1954 2156 2057 2205 quod
2079 2157 2204 2206 palam
2219 2156 2336 2194 dedit.
2351 2157 2412 2194 Sic

1402 2215 1448 2252 de
1467 2224 1533 2252 tuo
1559 2216 1710 2253 sacculo
1736 2217 1954 2253 consultum
1975 2225 2032 2253 est
2055 2216 2298 2253 verecundiae
2315 2217 2408 2262 viri,

1401 2277 1453 2313 sic
1475 2290 1630 2326 quoque
1649 2277 1764 2313 curiae
1791 2289 1937 2313 morem
1955 2289 2090 2326 gerens
2105 2306 2115 2323 ,
2136 2285 2204 2313 tuo
2223 2276 2410 2314 beneficio

1400 2336 1583 2373 invidiam
1605 2336 1810 2373 declinavit
1822 2349 1958 2373 eorum
1975 2336 2042 2386 qui
2059 2336 2223 2386 diligunt
2237 2350 2407 2374 munera.

1398 2400 1484 2434 'Non
1511 2405 1622 2446 potes
1647 2396 1882 2433 abscondere
1904 2411 1912 2433 :
1930 2405 1969 2433 et
1993 2397 2135 2434 factum
2154 2397 2332 2434 novimus
2345 2426 2356 2444 ,
2372 2405 2410 2434 et

1401 2469 1619 2506 personam.
1648 2456 1792 2493 Audire
1812 2458 1971 2505 gravat?
1989 2460 2036 2494 Et
2062 2469 2133 2506 ego
2159 2469 2205 2493 eo
2229 2456 2410 2494 libentius

1402 2516 1589 2566 praedico,
1611 2529 1690 2565 quo
1708 2524 1747 2552 tu
1760 2516 1800 2552 id
1823 2516 2022 2553 molestius
2048 2516 2156 2553 audis
2180 2531 2189 2553 :
2211 2516 2243 2553 si
2267 2515 2336 2553 tibi
2358 2516 2410 2554 sic

1400 2576 1557 2626 expedit
1573 2605 1582 2622 ‚
1608 2585 1645 2612 et
1671 2577 1763 2612 mihi
1785 2578 1849 2614 sic.
1876 2580 1968 2613 Tam
1994 2590 2074 2613 non
2102 2585 2258 2626 oportet
2275 2577 2411 2614 Christi

1401 2636 1561 2685 gloriam
1584 2649 1643 2672 me
1664 2636 1774 2673 silere
1792 2665 1801 2682 ,
1823 2650 1936 2686 quam
1961 2649 2032 2673 nec
2048 2644 2084 2673 te
2102 2649 2275 2686 quaerere
2292 2645 2406 2673 tuam.

323 2698 406 2720 zare
424 2686 647 2734 parentibus
659 2694 684 2725 ².
703 2692 787 2725 'Non
807 2689 1010 2726 mediocris
1027 2691 1158 2739 gloriae
1174 2704 1249 2727 vox
1270 2691 1332 2727 illa
1351 2702 1383 2735 D
1400 2699 1447 2732 Et
1478 2696 1508 2732 si
1535 2696 1662 2745 pergis
1687 2710 1926 2734 murmurare
1945 2696 2069 2733 adhuc
2086 2724 2097 2742 ‚
2114 2695 2409 2746 respondebitur

323 2744 530 2782 identidem
553 2748 670 2796 ipsius
693 2764 700 2785 ε
724 2752 809 2785 Non
832 2754 979 2798 requiro
1000 2753 1143 2796 clatum,
1168 2750 1332 2799 sedfiu-

326 2813 420 2839 ctum
440 2802 466 2840 3.
483 2810 531 2842 At
547 2805 625 2854 jam
650 2816 885 2846 transeamus
901 2818 938 2846 et
954 2810 1061 2857 hinc,
1080 2823 1128 2846 ne
1143 2811 1227 2859 quis
1250 2824 1333 2847 mo-

327 2875 405 2898 ram
421 2863 459 2899 in
475 2865 531 2900 his
547 2879 682 2912 meam,
699 2869 866 2906 avaritiae
881 2870 920 2906 in
942 2878 977 2906 te
992 2879 1122 2907 notam
1138 2871 1331 2921 interpre-

326 2929 426 2957 tetur
453 2937 460 2958 :
485 2937 569 2972 quae
589 2939 702 2974 quam
719 2928 830 2977 longe
845 2943 865 2965 a
881 2938 916 2966 te
931 2930 999 2977 sit,
1020 2930 1119 2967 libro
1139 2931 1332 2981 superiori

323 2989 478 3019 testatus
506 2997 586 3020 sum
601 2985 635 3030 4,
657 2986 776 3023 sciens
797 2998 956 3037 quanta,
977 2999 1014 3026 et
1037 2991 1076 3026 in
1103 2991 1251 3040 quanta
1269 3000 1332 3028 tua

322 3042 543 3078 necessitate
566 3046 768 3093 respueris.
790 3048 849 3084 Ad
874 3057 908 3085 te
928 3050 1095 3099 proinde
1115 3052 1331 3102 scripserim

1400 2755 1468 2792 tibi
1504 2769 1551 2792 ex
1582 2756 1790 2805 Evangelio
1827 2772 1834 2793 :
1872 2759 2024 2804 Quanto
2065 2760 2120 2792 eis
2142 2755 2406 2806 praecipiebat,

1398 2824 1500 2851 emito
1527 2821 1649 2864 magis
1677 2819 1763 2864 plus
1785 2816 2072 2866 proedicabant,
2091 2818 2258 2853 dicentes
2276 2830 2289 2852 :
2305 2819 2409 2853 Beue

1401 2881 1529 2912 omnia
1544 2875 1642 2923 fecit
1656 2874 1683 2913 ⁶.

370 3173 379 3187 ¹
400 3170 474 3200 Luc.
495 3181 588 3207 ΜΠ,
617 3174 675 3202 25-
705 3190 749 3194 —
774 3179 787 3194 ²
812 3177 842 3204 ΙΙ
867 3178 939 3207 Cor·
964 3182 1041 3215 xn‚·
1059 3182 1110 3209 ¹4.
1141 3199 1186 3203 »-
1206 3180 1412 3226 3Phi1ip.1v‚
1439 3183 1581 3215 17.—4
1599 3186 1675 3225 Cap.
1701 3187 1733 3215 4.
1751 3183 1911 3216 ——5A01.
1938 3187 2098 3222 v111‚2o.
2120 3203 2165 3207 —
2182 3182 2316 3217 GMarc.
2345 3193 2408 3220 vn,

324 3223 389 3259 36,
406 3223 463 3252 37.

1317 3243 1332 3258 ‘⁷¹
1354 3237 1439 3268 Alias
1455 3261 1462 3275 ,
1479 3237 1734 3282 pauperioribus.
1747 3258 1791 3262 —-
1808 3239 1824 3260 ¹³
1839 3239 1927 3271 Alias
1940 3263 1948 3278 ‚
1968 3238 2148 3270 detinuisse.

368 3280 382 3296 ⁰
399 3277 563 3307 Summarii
577 3301 584 3314 ,
601 3279 673 3320 equi
692 3280 859 3318 oneriferi,
882 3282 973 3323 xulgo
994 3285 1176 3324 Sommiers,
1205 3300 1222 3320 a
1243 3300 1380 3328 summa,
1413 3302 1467 3322 seu
1486 3292 1596 3335 (τάγμα.
1620 3302 1708 3323 ouus.

363 3327 379 3349 d
396 3328 482 3359 Alias
495 3353 502 3366 ‚
526 3329 653 3373 refugit.
676 3350 708 3354 —-
734 3338 747 3353 e
761 3333 848 3364 Alias
862 3358 870 3370 ,
889 3337 1113 3380 prompliores.
