2565 3952
88 140 160 178 (537

140 214 260 267 gratia
289 226 440 251 summo
469 211 645 250 Pontifici
681 214 943 254 INNOCEN'HO,
968 221 1102 246 servus

141 275 222 326 ejus
242 279 472 312 Bmxmnrs
486 301 495 318 ,
514 284 648 322 preces
670 283 898 320 pauperum.

135 402 317 438 (30310101-
335 411 355 434 0
373 394 545 439 duobus,
569 394 751 443 quoniam
774 401 810 429 ct
833 392 960 442 pudor
978 393 1096 429 silen—

86 461 176 498 tium
198 460 380 509 imperat,
403 464 440 492 et
461 454 666 491 necessitas
681 452 791 502 jubet
807 452 925 501 loqui.
943 456 1098 501 Loquar

85 533 174 570 ergo
205 519 253 556 ad
286 517 511 561 dominum,
539 528 624 551 cum
652 514 720 550 sim
755 513 881 563 pulvis
905 522 942 549 ct
972 513 1066 549 cinis
1089 527 1096 549 :

83 582 218 631 loquar
237 586 364 615 autem
381 577 420 613 in
441 574 697 612 amaritudine
719 574 854 610 animae
876 586 982 609 meae.
1003 575 1100 609 Con—

83 641 292 692 querimur,
318 638 493 682 domine,
512 636 559 672 de
584 644 635 681 te,
660 635 726 672 sed
742 634 844 684 apud
868 642 904 671 te
922 649 929 670 :
950 642 988 670 et
1007 647 1098 683 que-

82 702 160 740 rela
172 699 326 751 quidem
344 699 382 735 in
396 697 534 734 umbra
547 705 616 742 est,
629 696 696 733 sed
711 709 824 733 causa
839 695 1005 745 querelae
1017 693 1096 743 jam

82 762 121 800 in
146 760 224 798 sole
251 758 381 810 posuit
412 756 701 794 tabernaculum
721 769 846 792 suum.
876 758 1034 793 Factum
1056 763 1099 791 ut

82 820 274 873 imperasti
292 835 299 857 z
319 819 496 856 venimus
513 817 560 855 ad
578 817 852 854 monasterium
872 816 1100 854 Sancti—Sal-

80 881 244 921 vatorisa
269 880 367 917 sicut
392 878 644 915 mandaveras
669 877 709 913 in
733 877 869 913 litteris
890 877 963 913 tuis
986 889 1097 912 servo

83 952 166 990 tuo,
188 943 291 980 Patri
306 949 452 978 nostro.
470 939 548 978 Ubi
562 947 618 976 est
633 952 725 988 ergo
743 952 845 975 nunc
862 938 1098 988 exspectatio

81 1017 161 1043 mea
174 1033 184 1051 ‚
203 1012 241 1040 et
261 1012 325 1039 tua
344 1001 573 1052 promissio?
593 1000 856 1038 Transivinms
879 1013 949 1049 per
972 1000 1098 1049 ignem
1120 1001 1146 1035 B

81 1073 118 1103 et
132 1077 267 1114 aquam
290 1077 298 1100 ε
320 1071 358 1099 01
378 1063 450 1099 11151
470 1062 558 1112 quia
579 1061 769 1099 Dominus
794 1068 877 1097 erat
896 1060 934 1096 in
957 1058 1068 1096 nobis
1085 1088 1094 1105 ‚

81 1124 234 1162 forsitan
256 1136 355 1172 aqua
372 1121 635 1159 absorbuisset
660 1134 742 1157 nos.
772 1120 954 1158 Periculis
981 1120 1098 1156 latro-

79 1197 167 1223 num
183 1192 220 1221 et
240 1183 468 1229 fluminum,
487 1182 669 1233 periculis
691 1183 729 1218 in
752 1180 969 1218 civitatibus
987 1189 1024 1217 et
1039 1194 1098 1217 so-

79 1245 236 1283 litudine
252 1272 262 1290 ‚
295 1244 480 1294 periculis
513 1243 551 1279 in
587 1251 688 1279 terra
708 1250 746 1278 et
765 1242 803 1278 in
828 1241 924 1278 mari
951 1240 1097 1290 fatigati

79 1318 227 1352 sumus,
248 1313 285 1341 et
315 1317 394 1341 non
418 1303 490 1340 fuit
513 1303 580 1352 qui
607 1301 821 1351 adjuvaret.
848 1305 938 1338 Haec
968 1302 1098 1338 onmia

78 1374 265 1404 venerunt
289 1378 408 1416 super
425 1378 498 1402 nos
527 1379 535 1402 ;
558 1364 624 1401 sed
653 1363 827 1401 nondum
849 1363 975 1400 statim
998 1364 1096 1401 finis.

78 1426 229 1466 Litteris
255 1427 352 1472 tuis,
376 1425 556 1472 domine,
586 1425 748 1462 extracti
770 1437 902 1461 sumus
932 1424 979 1461 de
1010 1424 1095 1461 sinu

76 1488 191 1540 patris
209 1488 358 1534 nostri,
381 1495 419 1524 et
439 1486 486 1524 ad
504 1487 619 1524 unius
639 1485 825 1536 jussionis
847 1498 1004 1531 vocem,
1031 1498 1094 1522 re-

76 1550 170 1588 lictis
203 1548 386 1586 fratribus
415 1556 453 1585 et
478 1556 612 1598 patre,
649 1549 689 1584 in
720 1547 842 1584 odore
874 1554 1094 1596 praecepto—

76 1625 157 1650 rum
179 1619 334 1648 tuorum
361 1610 615 1647 cucurrimus.
647 1609 805 1647 Litteris
838 1608 912 1645 tuis
943 1607 1094 1644 excussi

76 1685 203 1711 sumus
223 1685 243 1709 a
262 1671 410 1722 gremio
438 1672 570 1708 matris
592 1679 755 1717 nostrae,
781 1678 819 1707 et
841 1669 889 1706 ab
906 1668 1093 1706 uberibus

77 1733 347 1772 consolationis
367 1732 451 1782 ejus
470 1748 478 1770 z
499 1732 613 1782 ejecti
633 1745 766 1769 sumus
797 1732 844 1768 de
872 1732 958 1768 loco
985 1731 1094 1767 volu-

1007 131 1272 167 EPISTOLAE.

1111 208 1161 227 5¹⁴

2107 134 2184 169 (538

1173 209 1264 245 dare
1285 222 1306 244 a
1325 206 1515 244 desiderio
1536 219 1606 242 suo
1620 235 1629 252 ,
1653 206 1718 255 qui
1742 220 1812 243 nos
1831 208 1938 257 prius
1954 209 2069 258 coepit
2087 224 2187 246 ania-

1119 271 1148 303 A
1168 283 1209 305 re
1230 282 1344 318 quam
1374 280 1486 304 nosse
1501 296 1510 312 ,
1539 267 1605 316 qui
1632 279 1702 302 nos
1723 267 1841 316 patris
1868 268 2007 303 affectu
2029 269 2066 304 in
2091 270 2186 305 tilios

1166 329 1390 379 adoptavit,
1423 328 1519 364 adeo
1551 335 1614 372 ut,
1647 327 1676 363 Si
1708 328 1788 363 lieri
1819 329 2028 376 potuisset,
2059 330 2187 365 oculos

1166 404 1255 427 suos
1276 390 1459 434 eruisset,
1483 396 1519 425 et
1537 387 1705 424 dedisset
1726 387 1849 424 nobis.
1868 392 1954 425 Non
1972 388 2105 424 habuit
2123 389 2186 425 ubi

1165 460 1280 502 caput
1298 464 1340 488 su
1350 464 1411 487 um
1432 449 1637 486 reclinaret
1656 452 1739 485 Rex
1757 462 1863 485 meus
1883 457 1921 484 et
1939 452 2040 485 Deus
2058 463 2183 493 meus,

1166 512 1274 563 cujus
1293 525 1452 561 regnum
1480 524 1557 547 non
1579 518 1662 546 erat
1682 509 1728 545 de
1750 509 1823 545 hoc
1846 509 1991 545 mundo
2011 525 2017 546 :
2039 511 2186 546 utinam

1167 583 1204 611 et
1222 573 1390 610 mundus
1412 585 1482 609 nos
1500 570 1654 620 abjiciat
1670 578 1707 606 et
1729 570 1889 620 repellat
1910 570 1948 606 in
1971 570 2188 607 solitudini—

1166 634 1238 671 bus
1256 643 1446 680 errantes,
1468 634 1507 669 in
1531 630 1728 668 montibus
1744 660 1753 677 ,
1773 639 1811 667 et
1831 630 2043 681 speluncis,
2066 638 2103 667 et
2124 644 2187 667 ca—

1164 696 1295 733 vernis
1317 704 1428 732 terrae
1451 697 1459 731 1

1164 838 1190 847 m
1193 833 2187 847 =============================================================

1262 955 1639 1014 EPISTOLA
1707 950 2087 1011 CCCXLIV.c

1198 1117 1369 1141 EJL‘SDEM
1400 1115 1594 1139 BERNARDI
1625 1115 1673 1137 AD
1703 1113 1874 1137 SANCTL‘M
1906 1112 2147 1135 BERNARDFM.

1309 1233 1534 1266 Praefecturam
1554 1232 1615 1264 sibi
1629 1231 1809 1274 impositam
1826 1230 2041 1272 conqueritur.

1163 1353 1385 1394 Venerabili
1413 1353 1572 1390 domino
1604 1361 1642 1389 et
1672 1351 1920 1389 dilectissimo
1953 1355 1992 1389 P.
2012 1350 2028 1374 d
2056 1350 2185 1388 abbati

1219 1414 1500 1461 Clarae-Vallis,
1523 1413 1623 1450 filius
1641 1412 1724 1462 ejus
1744 1417 1783 1450 B.
1806 1413 2030 1450 unctionem
2052 1413 2155 1449 illam
2172 1442 2180 1459 ‚

1216 1489 1303 1526 quae
1324 1475 1437 1512 docet
1459 1474 1506 1512 de
1531 1473 1723 1511 omnibus.

1214 1606 1544 1655 Quotiescumque
1577 1602 1774 1640 memoriae
1809 1601 1980 1639 occurrit
2011 1601 2090 1638 dies
2120 1602 2185 1639 illa

1160 1668 1324 1705 miseriae
1344 1676 1382 1704 et
1408 1666 1656 1711 calamitatis,
1678 1666 1716 1701 in
1738 1678 1814 1714 qua
1840 1664 1995 1700 avulsus
2021 1676 2103 1700 sum
2136 1663 2184 1700 ab

1159 1729 1346 1767 uberibus
1371 1727 1647 1766 consolationis
1675 1734 1838 1772 vestrae,
1864 1725 1956 1761 flere
1987 1724 2106 1774 magis
2134 1725 2183 1761 li-

77 1794 205 1846 ptatis‚
227 1803 264 1831 et
292 1794 534 1845 opposuisti,
569 1793 747 1840 domine,
770 1793 991 1829 flammeum
1010 1792 1092 1842 gla-
1112 1799 1139 1835 C
1160 1791 1244 1838 bet,
1267 1805 1381 1842 quam
1404 1789 1548 1840 aliquid
1567 1787 1747 1826 scribere.
1770 1788 1805 1824 Si
1824 1795 1929 1823 tanta
1951 1795 2047 1823 esset
2064 1785 2183 1823 uber—

77 1855 200 1902 dium,
235 1870 284 1893 ne
317 1865 578 1902 revertamur,
608 1864 646 1892 et
674 1856 821 1892 utinam
855 1854 1089 1891 versatilem.

77 1917 217 1956 Cecidit
237 1930 383 1955 corona
399 1917 536 1967 capitis
554 1917 698 1963 nostri,
724 1929 859 1953 versus
889 1924 946 1953 est
971 1915 1009 1952 in
1032 1915 1092 1952 lu-

77 1986 174 2016 ctum
194 1979 334 2015 chorus
351 1987 497 2015 noster.
517 1978 725 2026 Quomodo
743 1976 1002 2023 cantabimus,
1023 1976 1094 2013 do-

77 2041 187 2088 mine,
204 2041 395 2078 canticum
413 2040 570 2077 Domini
585 2040 624 2076 in
638 2048 740 2077 terra
756 2040 904 2076 aliena?
921 2042 952 2076 O
970 2051 1091 2088 quan—

78 2109 114 2139 to
147 2101 294 2139 dulcius
328 2110 367 2139 et
398 2101 570 2138 securius
602 2101 726 2138 fuerat
758 2099 870 2137 nobis
897 2100 1090 2137 exsultare

76 2161 215 2199 animas
231 2171 382 2199 nostras
401 2162 441 2198 in
463 2162 549 2198 sinu
570 2162 703 2198 matris
726 2169 889 2207 nostrae,
913 2159 1004 2197 etin
1024 2173 1092 2196 cu-

34 2272 37 2274 ·
76 2219 199 2259 biculo
219 2222 415 2272 genitricis
435 2225 598 2259 nostrae!
624 2222 684 2259 Sic
702 2221 958 2267 cucurrimus,
983 2220 1091 2271 quasi

75 2283 113 2320 in
130 2284 341 2331 incertum3
362 2284 415 2321 sic
435 2284 711 2334 pugnavimus,
735 2283 843 2332 quasi
861 2296 988 2319 aerem
1007 2295 1091 2319 ver-

76 2343 249 2384 berantes
273 2362 281 2384 :
303 2346 371 2383 sed
403 2355 486 2393 tua,
522 2345 703 2392 domine,
728 2345 935 2396 promissio
959 2345 1029 2381 fuit
1050 2344 1090 2380 in

76 2419 181 2444 causa
194 2437 204 2454 ,
221 2421 335 2458 quam
358 2406 593 2444 credidimus
610 2407 731 2456 gratia
753 2406 905 2456 plenam
932 2413 969 2441 et
984 2405 1089 2441 veri-

77 2474 160 2504 tate.
183 2471 294 2506 Nunc
313 2477 441 2505 autem
468 2467 569 2519 (jam
591 2467 694 2505 enim
721 2467 843 2504 hiems
863 2466 958 2503 abiit
975 2475 1012 2503 et
1033 2479 1090 2502 re-

77 2527 204 2578 cessit)
226 2529 257 2566 si
284 2529 336 2565 ita
367 2529 494 2579 placet
525 2528 685 2565 domino
713 2542 824 2574 meo,
846 2527 1090 2578 egrediamur

1160 1862 1216 1890 tas
1234 1852 1440 1898 orationis,
1469 1858 1613 1901 quanta
1634 1850 1917 1898 lacrymarum,
1942 1847 2050 1883 facile
2072 1846 2184 1883 vobis

1159 1923 1258 1952 esset
1288 1913 1501 1963 intelligere
1536 1924 1653 1961 super
1686 1923 1850 1959 egenum
1883 1917 1920 1945 et
1955 1921 2182 1958 pauperem.

1158 1976 1328 2013 Accessit
1361 1974 1409 2012 ad
1440 1973 1729 2011 meditationem
1764 1970 1940 2015 animus,
1971 1982 2106 2005 manus
2133 1969 2181 2005 ad

1158 2037 1368 2081 calamum,
1390 2044 1427 2072 et
1454 2035 1568 2071 dolor
1585 2046 1693 2070 1110115
1712 2040 1921 2069 renovatus
1948 2038 2017 2067 est.
2041 2028 2179 2068 Obvia-

1157 2099 1214 2135 vit
1238 2098 1331 2134 1111111
1353 2096 1537 2134 scribenti
1556 2095 1619 2132 illa
1642 2092 1859 2131 amaritudo
1882 2105 1966 2128 mea
1984 2091 2178 2128 amarissi-

1158 2174 1219 2197 ma
1233 2189 1242 2206 ,
1268 2168 1306 2196 et
1322 2159 1388 2196 illa
1411 2157 1527 2195 tristis
1547 2157 1673 2206 imago
1692 2155 1765 2191 diei
1782 2154 1883 2190 illius
1897 2182 1906 2199 ,
1930 2153 1969 2189 in
1991 2166 2066 2202 qua
2083 2152 2180 2188 stul-

1160 2222 1242 2258 titia
1272 2221 1420 2257 elevata
1449 2228 1505 2256 est
1530 2231 1648 2268 super
1676 2214 1973 2260 candelabrum,
1997 2222 2035 2250 et
2058 2213 2180 2249 factus

1159 2295 1242 2319 sum
1274 2280 1535 2318 conturbatus.
1566 2282 1650 2316 Non
1672 2290 1742 2327 ego
1765 2274 2031 2326 reprehendo,
2055 2273 2180 2310 domi-

1159 2357 1227 2389 ne,
1250 2343 1312 2379 vel
1342 2355 1463 2392 opus,
1489 2341 1549 2377 vel
1583 2340 1839 2376 intentionem
1872 2336 1990 2374 vestri
2024 2335 2175 2386 operis,

1157 2403 1263 2453 quod
1291 2403 1330 2439 in
1365 2402 1484 2451 digito
1512 2401 1583 2437 Dei
1605 2413 1685 2437 esse
1712 2398 1882 2436 creditur
1905 2413 1912 2434 :
1939 2396 2004 2434 sed
2037 2397 2179 2446 plango

1157 2464 1357 2515 paululum
1378 2463 1553 2499 dolorem
1574 2474 1714 2497 meum.
1736 2463 1833 2496 Ecce
1849 2459 1950 2495 enim
1970 2465 2176 2508 postquam

1156 2524 1355 2575 projectus
1381 2537 1464 2560 sum
1489 2537 1508 2559 a
1531 2522 1623 2558 facie
1649 2521 1852 2557 oculorum
1877 2528 2050 2563 tuorum,
2073 2516 2179 2553 defe-

76 2586 121 2623 ad
138 2587 345 2626 videndum
358 2618 367 2634 ‚
388 2588 456 2626 ubi
473 2589 715 2626 inveniamus
734 2589 905 2638 requiem
923 2587 1089 2639 pedibus
1110 2596 1140 2630 D
1159 2586 1210 2623 cit
1229 2586 1269 2622 in
1289 2585 1423 2622 dolore
1440 2584 1516 2620 vita
1534 2596 1616 2619 mea
1630 2612 1639 2628 ,
1657 2590 1694 2617 et
1714 2580 1793 2617 dies
1809 2580 1883 2616 mei
1900 2580 1939 2615 in
1960 2576 2175 2628 gemitibus.

75 2649 211 2686 nostris
233 2664 240 2686 :
264 2649 450 2700 quoniam
485 2663 607 2700 usque
634 2650 760 2687 adhuc
788 2649 988 2700 prohibuit
1017 2663 1087 2686 nos

76 2708 239 2757 grando,
265 2710 354 2756 nix,
379 2710 543 2760 glacies,
573 2719 610 2748 et
636 2711 792 2761 spiritus
814 2710 1086 2761 procellarum.

77 2768 386 2807 Crudelissimum
408 2771 553 2821 quippe
571 2770 742 2818 videtur,
769 2779 807 2807 et
827 2769 873 2807 ab
891 2770 998 2807 omni
1017 2770 1089 2806 hu-

77 2828 262 2867 manitatis
285 2830 415 2868 officio
434 2831 549 2880 longe
572 2839 765 2868 remotum
782 2860 791 2878 ‚
819 2828 959 2867 illumb
986 2830 1090 2867 frau-

120 3000 134 3016 ³
148 3001 217 3031 Hoc
232 3002 456 3033 monasterium
473 3001 626 3034 hactenus
649 3002 771 3038 existit,
794 3008 864 3033 octo
891 3002 1030 3034 millibus
1054 3012 1071 3032 a
1092 3000 1234 3033 Farfensi
1260 2999 1404 3031 dissitum
1418 3024 1425 3038 ,
1452 2998 1616 3040 eidemque
1641 2997 1816 3039 subjectum
1845 3006 1852 3026 ε

1156 2649 1241 2684 Ηο11
1260 2646 1370 2683 mihi!
1392 2645 1481 2695 quia
1509 2642 1660 2694 perdidi
1683 2643 1844 2678 formam
1859 2670 1868 2687 ,
1891 2640 1951 2677 cui
1976 2639 2178 2689 imprime—

1155 2707 1245 2754 bar,
1265 2707 1465 2757 speculum
1487 2703 1778 2755 compositionis
1801 2715 1913 2747 meze,
1934 2701 2063 2737 lumen
2083 2713 2178 2735 ocu-

1157 2769 1285 2806 lorum
1310 2769 1509 2805 meorum!
1530 2770 1616 2804 Jam
1644 2778 1720 2802 non
1744 2772 1854 2801 sonat
1874 2777 1950 2799 vox
1971 2762 2035 2798 illa
2057 2760 2179 2798 dulcis

1157 2831 1197 2867 in
1228 2829 1386 2867 auribus
1418 2829 1536 2876 meis,
1568 2841 1637 2865 nec
1675 2826 1789 2863 facies
1820 2825 1885 2862 illa
1915 2823 2055 2861 decora
2086 2823 2178 2860 meis

1876 2995 1908 3026 in
1931 2994 2016 3037 quod
2033 2993 2179 3025 monachi

76 3052 237 3086 Farfenses
251 3061 356 3087 aestate
372 3056 590 3099 commigrant.
614 3056 731 3089 Confer
747 3057 911 3099 epistolam
933 3059 996 3088 184
1008 3080 1016 3094 ‚
1044 3062 1075 3087 et
1091 3055 1136 3087 ibi
1149 3057 1261 3088 Notas.

121 3098 138 3122 ¹³
152 3109 274 3151 Nempe
293 3109 478 3141 Atenulfum
499 3110 647 3142 abbatem
663 3110 845 3143 Farfensem
857 3136 864 3149 ‚
884 3111 923 3142 de
939 3122 1001 3153 quo
1018 3110 1111 3142 infra.

121 3163 136 3180 θ
160 3161 301 3203 Epistola
322 3173 405 3195 nova
424 3174 431 3195 :
456 3175 526 3206 quae
545 3175 621 3196 vero
635 3170 727 3196 antea
744 3167 807 3196 344
826 3170 914 3203 erat,
937 3175 1021 3195 nunc
1039 3167 1118 3196 315.
1137 3163 1259 3205 Scripta
1279 3171 1362 3192 anno
1385 3159 1504 3192 Christi
1525 3161 1626 3191 1140.

122 3212 139 3233 ‘¹
158 3213 195 3245 Id
215 3221 279 3253 est,
303 3216 386 3247 Patri
399 3241 406 3255 ,
434 3217 551 3249 scilicet
574 3218 736 3249 Bernardo
756 3229 763 3249 :
782 3229 855 3249 nam
881 3217 962 3249 hanc
987 3217 1151 3260 epistolam
1171 3216 1211 3247 ad
1228 3218 1258 3248 S.
1278 3213 1476 3246 Bernardum
1496 3213 1649 3255 scriptam
1676 3211 1770 3242 fuisse
1797 3215 1934 3246 constat,
1958 3214 1987 3239 et
2014 3206 2140 3248 quidem
2159 3216 2177 3235 a

78 3265 236 3298 Bel-nardo
255 3268 310 3299 illo
329 3269 382 3310 qui
398 3276 509 3312 postea
527 3270 626 3302 abhas
651 3270 707 3302 fuit
727 3271 1005 3303 Sancti-Anastasii
1023 3273 1062 3303 ad
1079 3270 1322 3314 Aquas-Salvias
1338 3279 1438 3312 prope
1455 3271 1590 3300 Romam
1603 3292 1610 3306 ‚
1630 3278 1665 3298 ac
1682 3266 1808 3297 (1011111111
1823 3262 1965 3307 pontifex
1980 3261 2037 3291 sub
2050 3259 2176 3291 nomine

79 3318 205 3360 Eugenii
223 3323 283 3352 111.
305 3321 453 3363 Ejusdem
472 3330 518 3355 est
536 3324 716 3366 111-3100110115
735 3325 779 3356 1111
799 3331 828 3356 01
851 3325 981 3367 epistola
1003 3328 1078 3357 428.
1099 3329 1158 3357 Hae
1175 3333 1283 3356 omnes
1301 3324 1359 3356 sub
1377 3321 1530 3354 Bernardi
1549 3321 1677 3353 nomine
1694 3320 1830 3363 primum
1851 3317 1982 3358 vulgatae
1999 3320 2080 3345 sunt.
