2533 3920
358 154 431 191 (391

1153 153 1188 188 S.
1220 150 1473 187 BERNARDI
1502 147 1703 184 ABBATIS

2373 145 2444 184 692

360 231 565 270 Erubescat
579 231 705 269 anima
718 242 903 267 conversa
919 228 966 266 ad
980 228 1210 273 Dominum,
1226 225 1430 264 minori⁵⁴⁵
1441 224 1654 276 cipavimus
1691 219 1969 271 nosmetipsos,
2012 218 2043 256 si
2072 218 2237 268 denique
2273 233 2349 257 non
2379 235 2444 260 ve,

356 295 496 331 affectu
516 293 648 330 sectari
665 291 852 342 justitiam
868 319 877 336 ,
900 304 1014 340 quam
1035 289 1276 338 iniquitatem
1298 301 1369 324 an-
1391 293 1422 326 A
1437 287 1563 324 nimus
1593 286 1715 322 facere
1750 283 1987 319 voluntatem
2020 288 2192 317 nostram
2206 309 2215 326 ,
2235 279 2302 316 sed
2323 281 2445 332 impo-
2484 294 2485 298 ¹

358 363 418 391 tea
435 362 658 390 sectaretur.
676 356 740 389 Est
756 352 857 388 enim
875 364 987 388 causa
1000 364 1153 400 quoque
1170 349 1281 386 valde
1301 348 1374 384 dis-

359 414 502 452 similis.
530 413 768 464 Stipendium
801 412 943 462 quippe
974 412 1120 461 peccati
1147 424 1270 455 mors,
1299 410 1377 445 sru-

360 482 442 510 ctus
466 481 593 509 autem
619 472 794 522 spiritus,
815 472 891 508 vita
913 478 1091 508 aeterna¹.
1116 470 1261 508 Pudeat
1285 483 1377 519 pro-

361 533 450 570 inde
482 532 732 582 negligentius
763 545 866 568 nunc
896 531 934 568 in
966 532 1106 577 vitam,
1128 543 1242 579 quam
1271 530 1378 579 prius

362 593 402 629 in
428 602 590 630 mortem
614 593 689 638 ire,
718 600 755 628 ct
782 591 919 628 minori
943 590 1070 627 studio
1091 590 1221 626 salutis
1242 589 1378 638 acqui-

362 666 466 700 rere,
502 666 615 702 quam
649 651 878 701 perditionis
914 658 1174 699 augmentum.
1210 653 1305 686 Nam
1337 656 1380 684 ut

364 714 522 751 omnino
556 713 673 750 simus
705 709 1004 754 inexcusabiles,
1025 710 1062 746 in
1099 709 1158 745 via
1184 710 1272 745 vitae
1302 721 1379 758 quo

367 775 496 819 citius,
521 786 566 810 eo
599 772 745 809 facilius
773 771 940 807 curritur
965 785 973 806 ε
996 778 1033 806 et
1064 770 1146 806 leve
1174 768 1380 807 Salvatoris

367 848 485 880 onus,
510 846 587 883 quo
613 832 747 869 crescit
768 831 951 881 amplius,
974 844 1021 867 eo
1050 828 1280 880 portabilius
1309 837 1381 865 est.

366 899 504 933 “Nonne
521 903 558 930 et
577 893 743 930 aviculas
764 892 884 937 levat,
907 904 985 927 non
1010 899 1143 927 onerat
1165 902 1378 940 pennarum

367 956 445 992 sive
468 955 686 1004 plumarum
708 952 963 989 numerositas
981 952 1088 1002 ipsa?
1106 952 1212 988 Tolle
1232 964 1315 996 eas,
1343 959 1381 987 et

368 1015 556 1063 reliquum
574 1026 715 1062 corpus
731 1011 902 1062 pondere
921 1025 990 1048 suo
1010 1012 1130 1048 fertur
1150 1011 1197 1048 ad
1214 1012 1301 1048 ima.
1322 1012 1382 1049 Sic
1405 1009 1432 1042 Β
1451 1010 1600 1046 modica
1626 1009 1757 1045 messis
1779 1007 2048 1058 multiplicatio
2069 1014 2136 1043 est.
2162 1009 2252 1044 Haec
2273 1018 2363 1052 nos,
2385 1006 2456 1045 sra-
2495 1019 2498 1027 ·

370 1074 608 1125 disciplinam
634 1073 793 1118 Christi,
814 1073 866 1109 sic
894 1086 1010 1109 suave
1033 1072 1191 1122 jugum,
1211 1073 1264 1109 sic
1288 1085 1386 1109 onus

371 1135 472 1180 leve,
491 1147 567 1184 quo
590 1134 819 1184 deponimus
832 1162 841 1180 ,
857 1147 902 1170 eo
918 1133 1171 1183 deprimimur
1187 1133 1258 1183 ipsi
1275 1132 1388 1182 :quia

371 1203 502 1246 portat
535 1195 665 1246 potius
700 1208 814 1244 quam
848 1203 1037 1244 portatur.
1073 1197 1244 1232 Onerosa
1275 1193 1387 1230 alicui

371 1254 526 1291 videtur
547 1255 686 1292 silentii
714 1255 914 1305 disciplina
935 1270 943 1292 ε
966 1255 1030 1291 sed
1055 1254 1245 1305 propheta
1270 1255 1388 1304 magis

373 1314 494 1353 robur
519 1328 634 1366 quam
659 1328 756 1352 onus
783 1328 864 1352 esse
887 1315 1157 1360 considerans,
1180 1315 1251 1360 ait,
1271 1317 1316 1349 In
1336 1319 1389 1350 si-

376 1378 490 1412 lentio
518 1385 553 1411 et
571 1380 610 1411 in
637 1390 704 1424 spe
729 1380 797 1411 erit
814 1375 1002 1424 fortitudo
1023 1385 1148 1412 vestra
1163 1381 1189 1411 ².
1208 1379 1253 1411 In
1277 1377 1390 1410 silen-

376 1441 449 1481 tio,
474 1436 619 1486 inquit,
641 1446 679 1473 et
697 1451 786 1485 spe,
811 1437 900 1486 quia
921 1436 1068 1474 bonum
1094 1445 1150 1474 est
1176 1436 1390 1487 praestolari

375 1497 584 1535 Dominum
603 1498 640 1534 in
663 1496 849 1534 silentio3.
870 1501 1036 1534 Enervat
1056 1498 1202 1547 quippe
1224 1497 1390 1533 animam

378 1558 626 1608 praesentium
646 1558 858 1595 consolatio
872 1587 882 1605 ,
904 1557 1062 1595 roborat
1080 1558 1315 1608 exspectatio
1331 1558 1393 1594 fu-

377 1627 569 1656 turorum.

431 1679 467 1716 4.
507 1683 609 1716 Bene
640 1693 730 1730 ergo
766 1680 925 1727 fecistis,
963 1679 1216 1727 dilectissimi,
1249 1679 1390 1717 addere

378 1740 524 1790 aliquid
544 1740 591 1777 ad
612 1741 781 1791 priorem
806 1742 948 1778 silentii
964 1741 1183 1792 regulam*:
1206 1741 1310 1792 quod
1332 1741 1390 1778 ni-

380 1801 538 1847 mirum,
572 1801 754 1851 praedicto
793 1810 996 1839 attestante
1034 1802 1242 1853 propheta,
1273 1805 1391 1838 cultus
1414 1801 1440 1836 C

367 1866 537 1909 justitia?
567 1872 620 1898 est
634 1864 662 1900 ⁴'.
691 1866 793 1900 Bene
815 1864 955 1900 fecistis
980 1864 1182 1901 alienando
1207 1878 1276 1901 vos
1308 1877 1390 1900 ina-

377 1923 433 1974 gis
453 1938 496 1961 ac
515 1924 632 1975 magis
658 1924 705 1962 ab
729 1924 876 1962 actibus
906 1926 1033 1962 saeculi
1053 1925 1192 1974 hujus,
1221 1939 1306 1975 (111ae
1336 1935 1392 1963 est

379 1984 523 2022 munda
543 1994 581 2022 et
599 1985 842 2022 immaculata
865 1986 1010 2036 religio.
1033 1986 1226 2023 Modicum
1248 1986 1392 2037 quippe

381 2046 631 2091 fermentum,
669 2047 824 2093 fratres,
862 2056 979 2084 totam
1019 2060 1180 2084 massam
1220 2061 1392 2085 corrum-

381 2104 480 2156 pit53
513 2114 551 2142 et
577 2120 717 2143 muscae
747 2108 955 2144 morientes
982 2108 1240 2144 exterminant
1264 2109 1391 2145 oleum

379 2164 610 2203 suavitatisss.
637 2167 737 2215 Quid
769 2168 928 2217 prodest
959 2169 1053 2205 tanti
1082 2169 1296 2219 corporalis
1328 2183 1393 2219 pa-

380 2226 472 2263 riter
503 2235 540 2263 et
570 2227 776 2277 spiritualis
807 2228 949 2266 laboris
975 2237 1090 2279 atque
1121 2230 1293 2266 exercitii
1316 2230 1392 2267 frw

380 2295 484 2323 ctum
519 2288 702 2325 vilissima
736 2289 862 2339 aliqua
897 2291 1182 2336 consolatione,
1212 2291 1290 2326 imo
1323 2289 1392 2327 de-

381 2348 570 2386 solatione
605 2350 731 2386 minus
762 2349 1036 2400 acceptabilem
1057 2350 1161 2397 fieri,
1195 2359 1259 2387 aut
1291 2359 1393 2387 certe

382 2418 419 2446 et
453 2410 684 2459 periclitari?
712 2415 901 2460 Quantam
932 2412 1092 2448 internae
1121 2411 1393 2448 consolationis

382 2469 642 2517 dulcedinem,
658 2480 696 2508 et
715 2472 873 2522 gratiam
891 2473 1117 2510 visitationis
1134 2472 1273 2509 diviuae
1294 2485 1394 2522 prae-

381 2530 488 2579 pedit
510 2530 732 2580 hujusmodi
764 2546 949 2582 nugarum
977 2546 1100 2583 vapor
1122 2532 1170 2569 ad
1199 2532 1392 2569 modicum

380 2593 541 2640 parens?
562 2592 776 2628 Praesertim
806 2606 875 2629 nos
902 2593 1102 2639 monachi,
1125 2606 1290 2642 quorum
1314 2606 1393 2629 cer-

383 2658 436 2696 te,
455 2651 615 2688 velimus
629 2681 639 2698 ,
660 2653 848 2699 nolimus,
870 2654 908 2690 in
931 2653 1062 2690 labore
1082 2653 1160 2689 vita
1179 2661 1253 2698 est3
1280 2652 1393 2702 plane

385 2710 677 2749 miserabiliores
712 2726 842 2750 sumus
877 2713 1056 2750 omnibus
1085 2711 1328 2758 hominibus,
1363 2713 1393 2748 si

383 2783 454 2819 pro
468 2779 543 2807 tam
561 2772 705 2821 exiguis
726 2781 827 2810 tanta
846 2774 1014 2823 patimur
1031 2773 1269 2809 detrimenta.
1293 2772 1393 2820 Quid

383 2830 482 2865 enim
522 2830 769 2880 insipientiae,
807 2833 884 2868 imo
921 2832 1013 2882 quid
1045 2833 1202 2868 insaniae
1239 2841 1316 2878 est,
1352 2841 1394 2869 ut

382 2890 449 2939 qui
470 2889 614 2939 majora
634 2892 879 2941 reliquimus,
901 2893 1051 2930 minora
1075 2906 1161 2928 cum
1183 2901 1288 2929 tanto
1315 2892 1392 2929 dis-

382 2950 540 2986 crimine
577 2954 793 2988 teneamus?
821 2952 858 2989 Si
883 2953 1069 2989 mundum
1093 2953 1393 3004 contempsimus

383 3009 630 3055 universum,
652 3010 680 3047 si
702 3010 1057 3049 abrenuntiavimus
1074 3012 1273 3050 affectibus
1297 3027 1390 3064 pro-

383 3081 638 3122 pinquorum,
683 3083 712 3106 51
747 3071 1066 3108 monasteriorum
1101 3072 1243 3109 carceri
1284 3086 1394 3109 man—

1409 2606 1441 2639 D

1441 348 1587 385 suimus
1606 345 1782 382 homines
1804 355 1920 392 super
1937 342 2061 392 capita
2085 349 2217 378 nostra
2233 355 2241 377 :
2262 342 2354 391 quid
2372 356 2446 382 non

1442 414 1595 457 oportet
1630 405 1731 450 fieri,
1766 415 1814 439 ne
1848 402 1945 438 forte
1980 400 2177 450 contingat
2206 400 2284 436 haec
2326 403 2449 442 omnia
2486 394 2487 397 Ἴ

1442 467 1553 504 nobis
1581 468 1620 503 in
1648 464 1867 515 insipientia
1902 471 2033 499 nostra
2061 470 2099 498 et
2125 461 2351 512 negligentia
2382 462 2449 501 de-

1445 528 1598 578 perire?

1499 591 1535 626 5.
1572 587 1681 637 Agite
1714 599 1827 635 ergo,
1858 583 2115 629 dilectissimi,
2146 590 2182 619 et
2212 582 2252 618 in
2284 582 2342 620 his
2371 597 2451 635 quae

1446 649 1637 699 coepistis,
1661 646 1811 684 solliciti
1841 653 1962 681 estote
1992 655 2239 694 perseverare
2271 651 2309 679 et
2333 643 2452 682 abun-

1447 710 1538 746 dare
1567 708 1708 757 magis,
1730 715 1773 743 ut
1799 713 2013 755 augeantur
2039 704 2078 740 in
2113 702 2193 740 dies
2226 703 2453 744 incrementa

1449 770 1600 819 frugum
1618 768 1776 817 justitiae
1804 774 1953 803 vestrae.
1983 764 2133 801 Etenim
2163 763 2228 813 qui
2255 776 2367 813 parc-e
2394 778 2452 804 se..

1449 831 1587 874 minat,
1634 842 1748 878 parce
1784 836 1821 865 et
1860 835 1995 872 metet3
2037 833 2076 862 et
2120 824 2187 874 qui
2226 824 2384 862 seminat
2417 826 2454 864 in
2494 845 2495 878 3

1447 888 1799 933 benedictionibus,
1822 887 1868 923 de
1888 884 2224 923 benedictionibus
2247 892 2284 921 et
2304 893 2416 924 metet
2427 893 2453 925 7.

1448 954 1496 987 Et
1520 958 1622 986 certe
1652 948 1846 985 modicum
1875 947 2030 983 seminis
2059 946 2360 992 incrementum,
2383 960 2455 985 nou

1454 1080 1551 1117 tres,
1568 1070 1657 1120 quia
1680 1069 1811 1106 audito
1832 1068 2009 1119 profectu
2036 1076 2164 1104 vestro
2190 1066 2457 1106 exsultavimus

1453 1140 1491 1168 et
1519 1129 1696 1167 delectati
1725 1142 1874 1175 sumus,
1904 1128 2063 1178 dignum
2091 1127 2271 1164 duximus
2301 1127 2458 1166 scribere
2498 1136 2500 1148 *

1454 1192 1635 1230 Charitati
1652 1199 1807 1236 vestrae,
1822 1190 2021 1241 cupientes
2041 1189 2260 1227 admonitos
2277 1202 2346 1226 vos
2362 1203 2457 1237 esse,

1454 1261 1496 1290 ut
1517 1252 1804 1289 observationes
1830 1259 2000 1296 sanctas,
2021 1263 2107 1300 quae
2135 1250 2281 1287 salvare
2308 1259 2462 1300 possunt
2500 1284 2501 1288 ,

1456 1314 1600 1351 animas
1632 1322 1798 1358 vestras,
1822 1312 1936 1363 digna
1963 1311 2170 1349 devotione
2195 1311 2406 1361 suscipiatis
2427 1319 2462 1349 et

1456 1374 1751 1425 amplectamini.
1768 1374 1876 1413 Scitis
1892 1373 1996 1411 enim
2011 1374 2099 1424 quia
2118 1372 2278 1410 hilarem
2297 1372 2463 1411 datorem

1457 1435 1693 1485 diligitDeus
1708 1433 1735 1471 3.
1757 1437 1938 1472 Orantem
1960 1447 2033 1484 pro
2053 1432 2165 1470 nobis
2185 1432 2463 1470 universitatem

1459 1504 1624 1532 vestram
1646 1494 1818 1532 Christus
1837 1494 2038 1531 custodiat.

1863 1643 1930 1652 =====
1936 1643 2152 1652 ιωνιιιυιιιινιω
2157 1642 2467 1652 mum-nnv-xsssuwun

1491 1775 1708 1832 EPIST
1719 1774 1872 1832 OLA
1923 1769 2418 1832 CCCLXXXVI?

1480 1941 1636 1965 JOANNIS
1667 1941 1901 1964 CASAE-MARII
1929 1941 1976 1962 AD
2006 1940 2237 1963 BERNARDUM
2266 1940 2442 1963 ABBATEM.

1459 2058 1584 2090 Solatur
1612 2056 1808 2088 Ber-nardum
1839 2056 1878 2087 de
1904 2055 2021 2088 infelici
2051 2055 2260 2099 expeditionis
2283 2056 2317 2086 in
2341 2057 2467 2086 Terram

1802 2114 1948 2143 Sanctam
1970 2122 2125 2143 successu.

1461 2233 1609 2271 Dilecto
1640 2233 1739 2283 patri
1771 2246 1814 2269 ac
1843 2232 2054 2269 venerabili
2082 2231 2240 2269 domino
2270 2245 2340 2269 suo
2368 2223 2476 2269 BER-.
2511 2229 2514 2233 ’

1514 2307 1639 2330 mano
1656 2323 1665 2340 ,
1694 2294 1763 2331 Dei
1790 2294 1988 2331 voluntate
2010 2307 2052 2330 ac.
2073 2293 2193 2343 gratia
2213 2292 2468 2330 Clarae-Vallis

1512 2353 1640 2390 abbati
1665 2354 1984 2391 reverendissimo
1999 2382 2008 2398 ‚
2030 2354 2146 2390 frater
2164 2357 2330 2391 Jommzs
2359 2352 2467 2389 mini·

1513 2424 1590 2451 ster
1610 2428 1719 2460 suus,
1743 2415 2032 2464 qualiscumque
2053 2413 2319 2451 Casae-Marii*
2332 2412 2465 2458 abhas,

1515 2475 1673 2511 feliciter
1702 2487 1876 2521 currere,
1906 2487 1949 2511 ac
1975 2474 2122 2511 felicius
2162 2473 2300 2512 Christi
2331 2473 2468 2524 pietate
2516 2515 2517 2520 ¹

1515 2548 1794 2571 COUSUHHDUFO.

1520 2651 1550 2685 l.
1577 2651 1726 2685 Memor
1745 2648 1959 2685 dulcedinis
1980 2661 2022 2685 ac
2048 2647 2312 2685 familiaritatis
2325 2677 2334 2694 ‚
2355 2659 2466 2697 quam

1462 2709 1553 2745 mihi
1579 2709 1737 2758 indigno
1758 2710 1878 2759 pietas
1905 2718 2033 2746 vestra
2063 2708 2259 2758 quondam
2280 2707 2466 2754 exhibuit,

1462 2769 1610 2818 aperire
1631 2769 1882 2818 cogitationes
1904 2769 1978 2806 mei
2004 2768 2131 2805 cordis
2159 2767 2381 2805 Paternitati
2403 2779 2468 2804 ve-

1461 2838 1565 2875 strae,
1600 2831 1706 2879 quasi
1738 2843 1865 2866 corani
1897 2829 2068 2880 positus,
2102 2841 2317 2879 praesumo,
2345 2835 2467 2864 vestra
2519 2852 2521 2855 ι

1461 2891 1579 2940 magis
1606 2891 1652 2928 de
1673 2891 1968 2928 mansuetudine
1992 2890 2179 2935 confisus,
2198 2902 2313 2939 quam
2337 2888 2384 2926 de
2409 2887 2467 2925 of·
2518 2937 2521 2942 .

1460 2952 1563 2989 sensa
1590 2961 1799 3003 suspectus.
1822 2955 1942 3003 Spero
1964 2964 2130 3001 namque
2160 2950 2400 2987 affectionem
2427 2961 2468 2986 ac

1461 3012 1725 3058 dilectionem,
1755 3027 1870 3063 quam
1899 3025 1989 3062 erga
2022 3024 2089 3049 vos
2116 3009 2259 3057 habeo,
2289 3010 2467 3060 pietatem

1462 3082 1624 3110 vestram
1647 3087 1725 3110 non
1748 3073 1865 3110 latere
1874 3088 1884 3119 3
1899 3080 1936 3109 et
1960 3072 1989 3108 si
2009 3070 2153 3121 aliquid
2173 3070 2286 3108 etiam
2311 3069 2467 3106 stultum

433 3207 443 3223 ¹
460 3204 555 3233 Rom.
576 3212 628 3238 vt,
649 3206 704 3235 23.
728 3221 773 3226 —
794 3209 807 3225 ²
822 3205 894 3236 Isai.
912 3217 1000 3240 xxx,
1026 3209 1079 3238 15.
1095 3226 1139 3229 -
1162 3204 1176 3227 3
1197 3206 1318 3238 Thren.
1333 3219 1387 3246 111,
1413 3212 1468 3239 26.
1486 3227 1530 3231 -
1552 3208 1566 3234 4
1584 3207 1653 3239 lsai.
1676 3219 1792 3245 xxxu,
1821 3209 1873 3239 17.
1893 3224 1938 3229 -
1957 3205 1970 3227 ⁵
1991 3210 2005 3238 Ι
2023 3207 2096 3238 Cor.
2119 3217 2150 3244 v,
2169 3210 2200 3238 6.
2219 3203 2286 3228 -6
2305 3204 2408 3237 Eccle.
2423 3214 2465 3242 x,

387 3259 415 3290 1.
438 3261 511 3285 —7
527 3258 558 3286 11
575 3257 648 3288 Cor.
668 3267 718 3295 nt,
739 3261 828 3288 6.-
848 3257 862 3280 8
879 3258 960 3290 lbid.
984 3262 1013 3290 7.

431 3318 442 3331 ²
471 3315 552 3346 Alias
564 3316 693 3359 epistola
710 3320 775 3348 333
795 3329 801 3348 ε
819 3329 888 3360 quse
908 3330 980 3348 vero
1000 3325 1090 3350 antea
1106 3322 1171 3351 380
1192 3326 1275 3357 crat,
1299 3331 1382 3351 nunc
1399 3324 1476 3352 366.
1496 3321 1615 3364 Scripta
1634 3332 1716 3352 auno
1738 3320 1850 3354 Christi
1870 3324 1969 3363 1150.

2480 71 2483 110 'i
