2517 3920
375 190 444 224 «³511

369 267 406 303 in
423 280 501 317 quo
513 275 549 303 et
564 266 634 316 ipsi
650 274 882 311 recreantur,
898 274 932 302 et
946 265 1147 315 quiescunt
1161 264 1272 300 etiam
1285 262 1387 299 labo·
1402 261 1415 278 ³

1139 189 1174 223 S.
1207 187 1460 223 BERNARDI
1489 185 1692 221 AssssA'rls
2385 186 2456 224 812
2473 185 2475 222 1

1422 262 1588 312 ocpotest
1615 258 1777 296 acutiori
1808 258 1968 305 malitia3
2002 266 2044 294 ut
2079 271 2176 308 quos
2206 260 2305 297 ultra
2334 270 2475 313 tenere}¹

372 336 510 364 rantes.
530 330 677 363 Horum
697 325 880 375 siquidem
898 339 1113 375 pauperum
1135 325 1228 361 alios
1243 324 1393 372 episco-
1411 329 1444 361 A
1461 335 1539 358 non
1573 321 1699 371 potuit
1751 319 1881 355 mundi
1921 318 2035 367 liujus
2071 318 2356 368 blandimentis,
2396 338 2474 363 eos,

375 389 494 438 pales,
510 388 602 424 alios
618 387 849 432 consulares,
863 387 1099 435 aliarumque
1114 384 1337 434 dignitatum
1356 391 1393 418 et

377 449 505 485 multae
529 448 695 484 scientia?
719 448 823 484 viros
843 447 1022 491 illustres,
1046 455 1082 482 et
1098 444 1263 494 juvenes
1282 456 1391 492 egre-

373 508 454 557 gios
471 508 586 544 audio
605 508 792 544 exstitisse
810 522 816 543 :
833 506 898 543 sed
917 520 1032 552 nunc,
1047 519 1116 555 per
1128 505 1196 541 Dei
1213 503 1386 553 gratiam,

373 569 476 604 omni
493 568 594 618 apud
609 582 673 604 eos
689 567 915 616 acceptione
929 578 1179 616 personarum
1194 571 1383 608 emortua,

373 636 518 677 quanto
535 627 696 676 quisque
719 640 757 662 se
779 626 929 676 putavit
955 625 992 661 in
1019 625 1158 661 saeculo
1182 623 1357 660 altiorem
1373 651 1383 668 ,

374 696 480 724 tanto
513 701 552 723 se
587 688 624 723 in
653 687 724 723 boc
744 699 856 735 grege
884 686 1072 722 minorem
1094 682 1329 737 minoribus,
1347 691 1384 718 et

374 746 619 796 abjectiorem
641 754 792 796 reputat
813 759 881 795 per
895 745 1035 781 omnia.
1055 748 1130 781 Eos
1145 744 1274 793 itaque
1293 742 1383 779 dum

374 808 528 843 intueor
562 807 598 842 in
627 806 746 842 hortis
774 819 858 841 cum
882 805 1054 850 sarculo,
1081 805 1118 840 in
1147 803 1265 853 pratis
1295 816 1382 838 cum

375 869 479 904 furca
500 868 558 903 vel
582 875 717 910 rastro,
742 867 780 901 in
802 866 899 914 agris
920 878 1006 901 cum
1025 865 1210 905 falcicula,
1230 863 1267 899 in
1289 863 1383 899 silva

376 940 460 963 cum
495 927 646 971 securi,
676 926 714 961 in
746 925 827 961 aliis
859 923 1033 960 laborum
1063 924 1155 960 locis
1191 936 1277 959 cuni
1304 922 1385 959 aliis

377 999 537 1036 operum
570 985 856 1030 instrumentis;
890 984 981 1020 dum
1008 993 1045 1020 et
1080 997 1150 1033 ego
1181 984 1387 1034 respiciens

373 1045 463 1095 quid
487 1045 628 1081 fuerint
642 1074 651 1091 ,
673 1044 876 1080 considero
898 1052 1126 1093 praesentem
1148 1057 1281 1080 eorum
1305 1052 1385 1080 sta·
1405 1043 1433 1076 Β

371 1115 473 1151 tum,
506 1118 645 1155 opera,
678 1106 947 1149 instrumenta,
978 1117 1163 1154 personas
1195 1103 1384 1153 abjectas,

368 1168 593 1203 vestimenta
627 1165 881 1216 incomposita
912 1173 950 1201 et
979 1165 1069 1201 vilia
1099 1180 1106 1202 :
1134 1164 1281 1214 judicio
1301 1166 1386 1214 qui—

373 1227 459 1263 dcm
481 1227 682 1263 exterioris
703 1227 804 1263 oculi
823 1225 1002 1262 videntur
1023 1225 1114 1262 mihi
1142 1239 1221 1262 non
1256 1226 1384 1262 homi—

369 1300 448 1332 nes,
466 1287 531 1324 sed
550 1300 642 1337 gens
662 1287 799 1333 stulta,
818 1295 923 1322 muta
942 1285 1130 1336 siquidem
1152 1295 1187 1323 et
1207 1287 1382 1335 elinguis,

372 1347 625 1398 opprobrium
645 1347 859 1393 hominum,
875 1356 913 1383 et
929 1346 1093 1396 abjectio
1109 1346 1232 1396 plebis
1249 1359 1383 1383 :sanus

375 1417 499 1444 autem
535 1417 571 1444 et
608 1408 729 1444 fidelis
765 1408 982 1444 intellectus
1021 1408 1059 1444 in
1105 1408 1220 1444 corde
1251 1408 1384 1444 asserit

372 1469 476 1514 mihi,
498 1468 636 1505 horum
655 1468 769 1504 vitam
787 1468 827 1504 iu
849 1468 998 1504 Christo
1020 1481 1100 1504 esse
1119 1467 1383 1504 absconditam

371 1531 408 1566 iu
438 1530 555 1565 coelis.
589 1533 694 1566 Inter
720 1542 818 1578 quos
848 1528 996 1578 gaudeo
1030 1527 1207 1578 equidem
1236 1542 1296 1564 me
1324 1528 1384 1564 vi-

371 1589 462 1626 dere
484 1588 712 1627 Gaufridum
730 1592 987 1626 Peronensem
1002 1617 1011 1634 ,
1036 1588 1277 1637 Rayualdum
1299 1592 1385 1625 Mo-

369 1651 559 1686 riuensem
575 1679 584 1696 ,
609 1653 653 1687 G.
677 1650 723 1686 de
745 1649 1152 1695 Sancto-Audomaro,
1172 1650 1385 1686 Vsalterum

370 1711 417 1747 de
439 1712 589 1757 Insula,
618 1725 715 1761 quos
742 1725 812 1761 ego
837 1711 985 1748 cunctis
1002 1712 1170 1748 veterior
1197 1711 1235 1747 in
1264 1711 1384 1748 veteri

370 1772 508 1821 agnovi
526 1771 681 1820 liomjne
701 1787 708 1808 ε
729 1771 793 1808 sed
814 1784 917 1808 nunc
943 1771 980 1807 in
1003 1771 1094 1821 ipsis
1109 1800 1118 1815 ‚
1147 1771 1216 1807 Dei
1238 1771 1357 1821 gratia
1372 1801 1382 1818 ,

1457 383 1580 419 acrius
1602 380 1868 432 persequendo
1882 409 1891 425 ‚
1915 379 2182 417 subtilioribus
2210 381 2404 432 impugnet
2421 396 2456 424 et

1457 442 1626 492 implicet
1637 441 1883 491 argumentis.
1902 444 1986 477 Non
2010 449 2134 477 tamen
2153 442 2372 491 praevalebit
2386 445 2455 484 ini-

1456 503 1590 539 micus.
1622 502 1701 552 Ipsi
1729 502 1830 538 enim
1866 500 2089 537 altissimum
2119 511 2330 551 posuerunt
2355 505 2473 549 refu—1

1456 564 1558 613 gium
1582 576 1714 608 suum,
1740 575 1893 599 crucem
1929 561 2091 608 Christi,
2122 562 2296 599 dilectam
2329 577 2452 614 suam,

1452 637 1566 674 quam
1586 623 1688 660 fideli
1710 622 1900 659 desiderio
1916 622 2185 672 amplexantur
2204 631 2242 659 et
2259 622 2425 673 bajulant
2441 656 2450 673 ,
2472 648 2473 651 ¹

1451 684 1724 721 salvandorum
1748 697 1853 733 spem
1878 682 2040 719 unicam.

1509 745 1567 781 10.
1589 748 1708 789 Item,
1729 743 1867 780 dilecte
1889 742 1964 788 mi,
1989 741 2080 792 quid
2102 741 2332 780 credendum
2348 753 2453 795 putas

1457 818 1573 855 super
1605 804 1745 841 eisdem
1769 803 2004 854 pauperibus
2034 803 2073 839 in
2104 811 2276 853 tempore
2296 817 2450 853 mensae,

1450 866 1490 902 in
1522 865 1755 902 continentia
1789 873 1826 901 et
1856 864 2014 901 habitu?
2046 868 2152 901 Tunc
2184 866 2364 915 temporis
2388 880 2473 912 necj

1451 930 1575 964 Deum
1594 926 1726 962 videre
1748 925 1863 961 credo
1884 925 1989 975 quod
2010 924 2230 975 displiceat,
2248 938 2316 963 nec
2333 926 2451 966 homi-
2470 948 2471 951 ¹

1455 999 1541 1023 nem
1566 985 1669 1036 quod
1693 985 1830 1022 debeat
1849 998 2040 1022 accusare.
2071 984 2129 1022 Ibi
2150 985 2334 1035 siquidem
2363 987 2451 1026 adeo

1455 1046 1625 1083 modeste
1638 1074 1647 1090 ,
1667 1045 1763 1082 adeo
1779 1053 1907 1082 sancte
1925 1058 1963 1082 se
1980 1043 2143 1091 habent,
2158 1053 2219 1092 ut,
2240 1045 2342 1096 quod
2358 1056 2450 1096 sunt,
2469 1054 2472 1089 ζ

1453 1114 1665 1156 appareant
1678 1105 1854 1142 homines
1867 1104 1962 1154 justi
1979 1113 2017 1141 et
2033 1105 2351 1142 timentesDeum.
2363 1107 2452 1145 Hinc
2469 1137 2471 1143 ⁴

1453 1174 1596 1203 attente
1629 1166 1880 1215 suscipientes
1926 1165 2125 1215 spirituale
2153 1173 2191 1201 et
2227 1167 2450 1217 praecipuum
2468 1172 2471 1210 ¹,

1453 1227 1637 1263 ferculum
1649 1256 1658 1272 ,
1673 1224 1834 1262 verbum
1852 1225 1960 1270 vitae,
1977 1224 2083 1274 quod
2103 1238 2255 1275 semper
2268 1226 2447 1265 esuriunt:

1451 1287 1539 1324 hinc
1564 1295 1785 1324 reverenter
1807 1285 1964 1322 edentes
1993 1294 2030 1322 et
2058 1284 2233 1322 bibentes
2262 1286 2332 1323 alia
2358 1286 2470 1326 dona‚

1452 1347 1544 1393 Dei,
1577 1360 1662 1396 quae
1695 1345 1765 1383 sibi
1796 1354 1886 1383 sunt
1916 1345 2113 1396 apposita3
2147 1359 2226 1382 non
2257 1347 2450 1396 exquisitas

1451 1408 1604 1445 delicias
1619 1438 1628 1454 ,
1662 1408 1728 1444 sed
1763 1406 1913 1444 labores
1934 1420 2118 1444 manuum
2141 1420 2296 1444 suarum
2312 1437 2321 1454 ,
2354 1408 2449 1459 legu-

1452 1471 1553 1507 mina
1574 1469 1715 1506 scilicet
1735 1478 1772 1506 et
1792 1469 2002 1519 pulmenta.
2024 1472 2143 1505 Potus
2162 1476 2219 1505 est
2241 1469 2294 1505 eis
2314 1470 2448 1507 cerevi-

1452 1531 1503 1568 sia
1525 1546 1531 1567 :
1551 1530 1581 1567 si
1595 1530 1692 1566 lianc
1712 1542 1789 1565 non
1806 1528 1950 1565 habent
1963 1557 1971 1573 ,
1988 1527 2157 1578 gaudent
2173 1541 2270 1577 aqua
2286 1527 2447 1578 simplici.

1452 1596 1554 1629 Raro
1584 1599 1709 1627 autem
1735 1598 1897 1626 utuntur
1924 1589 2034 1635 vino,
2070 1596 2107 1624 et
2128 1588 2202 1624 hoc
2225 1588 2342 1624 mixto
2371 1601 2468 1635 cum,

1452 1665 1550 1702 aqua
1576 1651 1754 1701 plurima.
1783 1649 2002 1687 Reddentes
2027 1649 2154 1699 itaque
2175 1646 2344 1684 debitum
2371 1661 2468 1694 cor-‚

1452 1713 1562 1763 pori,
1585 1725 1663 1749 non
1684 1712 1803 1761 gulae,
1828 1724 1907 1748 non
1928 1710 2077 1756 ve11tri3
2109 1708 2316 1746 comedunt
2339 1717 2376 1746 et
2392 1707 2448 1747 bi·
2466 1700 2468 1710 ‚

1451 1773 1549 1810 bunt
1565 1788 1574 1819 ;
1593 1772 1659 1809 sed
1690 1780 1837 1808 tantum
1860 1770 2080 1821 indigentiae
2099 1769 2280 1816 naturali,
2300 1777 2337 1806 et
2353 1772 2448 1816 Deo,
2465 1773 2473 1811 ’ξ

370 1833 472 1869 illius
492 1832 692 1869 vetustatis
707 1845 776 1868 nec
792 1831 992 1881 vestigium
1011 1831 1213 1881 perpendo
1235 1845 1383 1868 reman-
1402 1834 1430 1870 C
1451 1835 1612 1871 scientes
1630 1833 1813 1883 scriptum
1826 1861 1835 1878 ,
1857 1834 1955 1868 Esca
1972 1834 2114 1876 ventri,
2144 1839 2181 1867 et
2206 1839 2337 1866 venter
2351 1833 2444 1866 escis.
2465 1848 2467 1852 v

369 1893 470 1930 sisse.
491 1896 535 1929 Iu
557 1893 676 1928 veteri
694 1892 850 1929 homine
870 1892 962 1928 novi
981 1905 1046 1928 eos
1063 1892 1229 1928 exaltato
1248 1891 1378 1936 corde,

370 1954 478 1990 elatis
501 1953 621 1989 oculis
638 1951 834 1989 ambulare
855 1952 893 1988 in
917 1953 1063 2002 magnis
1084 1961 1121 1989 et
1142 1951 1382 1988 mirabilibus

370 2027 486 2063 super
517 2026 555 2049 se
590 2028 598 2050 :
624 2026 726 2049 nunc
747 2021 873 2049 autem
898 2012 1009 2049 video
1037 2013 1139 2062 ipsos
1166 2011 1237 2048 sub
1270 2012 1383 2048 mise--

373 2073 513 2110 ricordi
543 2086 657 2109 manu
682 2073 751 2109 Dei
775 2072 994 2109 humiliatos
1020 2072 1199 2109 incedere
1227 2072 1264 2108 in
1294 2086 1383 2122 par—

369 2134 425 2170 vis
452 2141 489 2169 et
519 2133 558 2169 in
586 2131 821 2169 mirabilibus
855 2133 953 2169 infra
986 2146 1037 2169 se.
1073 2136 1115 2170 In
1149 2133 1269 2169 veteri
1310 2133 1380 2169 ho-

369 2195 471 2230 mine
506 2194 596 2229 novi
631 2207 695 2230 eos
723 2206 789 2229 sua
815 2207 941 2229 secum
964 2194 1138 2243 sepulcra
1166 2193 1380 2230 deferentes

370 2255 536 2292 exterius
555 2254 727 2291 dealbata
740 2284 749 2300 ,
774 2254 839 2291 sed
857 2255 958 2290 intus
977 2255 1091 2304 plena
1110 2253 1257 2291 ossibus
1275 2268 1380 2291 mor—

368 2325 521 2353 tuorum
545 2330 552 2351 :
576 2328 677 2351 nunc
697 2323 824 2351 autem
846 2314 962 2351 credo
982 2328 1048 2351 eos
1069 2315 1167 2351 ferre
1188 2328 1277 2351 vasa
1297 2318 1380 2351 Do-

368 2377 475 2421 mini,
497 2390 582 2426 quae
600 2376 668 2413 etsi
690 2376 856 2413 exterius
877 2384 1088 2426 appareant
1106 2375 1351 2426 despicabilia
1367 2404 1376 2420 ‚

367 2439 470 2474 intus
506 2446 633 2473 tamen
670 2436 784 2486 plena
819 2445 908 2472 sunt
928 2435 1129 2487 speciebus
1164 2436 1375 2473 coelestium

368 2498 722 2534 odoramentorum.
754 2497 917 2545 Quando
936 2497 1051 2546 igitur
1070 2497 1151 2533 haec
1174 2497 1298 2533 omnis
1313 2510 1379 2533 so-

368 2558 482 2593 cietas
519 2556 566 2593 ad
598 2556 748 2593 solitum
777 2556 947 2592 laborem
982 2565 1020 2593 et
1050 2556 1310 2606 progreditur,
1343 2565 1381 2594 et

1448 1898 1553 1931 Deus
1578 1903 1702 1929 autem
1736 1894 1835 1928 lumc
1866 1902 1901 1928 et
1935 1893 2004 1927 has
2036 1893 2202 1927 destruet
2218 1896 2232 1912 ²
2251 1904 2259 1926 ε
2281 1889 2467 1941 quoniam*

1449 1968 1610 2004 regnum
1629 1953 1699 1990 Dei
1718 1966 1795 1989 non
1818 1961 1875 1989 est
1894 1965 1980 1989 esca
1999 1960 2037 1988 et
2057 1959 2195 2001 potus,
2226 1950 2290 1988 sed
2313 1950 2448 2000 justitia

1449 2025 1486 2053 et
1507 2029 1580 2066 pax
1613 2022 1650 2051 et
1677 2011 1908 2063 gaudium3,
1939 2013 1979 2049 in
2011 2011 2152 2062 quibus
2177 2020 2349 2049 versatur
2377 2019 2448 2049 tota

1449 2089 1583 2113 eorum
1606 2075 1784 2111 voluntas
1804 2082 1841 2110 et
1863 2073 2044 2110 studium.
2064 2073 2280 2123 Magistram
2302 2074 2397 2110 enim
2414 2081 2448 2110 et

1451 2137 1567 2174 totius
1601 2137 1688 2172 vitae
1721 2149 1798 2172 suae
1829 2134 2064 2171 dictatricem
2100 2132 2242 2170 liabent
2276 2133 2447 2171 obedien-

1448 2199 1536 2235 tiam
1557 2213 1564 2234 :
1585 2210 1699 2247 quam
1718 2196 1814 2233 adeo
1837 2195 1998 2232 fideliter
2014 2203 2230 2244 sequuntur
2244 2194 2290 2231 ad
2308 2194 2443 2240 omnia,
2462 2198 2464 2215 ³

1446 2267 1489 2295 ut
1520 2272 1590 2294 nec
1621 2270 1736 2294 unam
1764 2256 1919 2306 quidem
1942 2256 2014 2292 diei
2042 2256 2122 2292 sive
2143 2255 2265 2292 noctis
2298 2256 2464 2306 praeter-'

1448 2318 1865 2368 mittantparticulam,
1888 2331 1973 2367 quae
1996 2330 2073 2354 non
2094 2317 2141 2353 sit
2160 2316 2264 2366 apud
2283 2329 2347 2353 eos
2364 2313 2445 2352 obe-

1447 2379 1599 2416 dientiae
1617 2386 1654 2416 et
1671 2378 1802 2415 divino
1820 2378 1938 2414 cultui
1957 2378 2183 2429 mancipata.
2203 2376 2314 2416 Unde
2332 2385 2368 2413 et
2381 2389 2444 2426 ego

1446 2441 1611 2477 fideliter
1637 2439 1777 2485 credo,
1816 2452 1880 2476 eos
1910 2439 1978 2491 (ut
2012 2448 2154 2476 taceam
2187 2452 2273 2489 quae
2301 2436 2445 2487 majoris

1447 2510 1536 2538 sunt
1558 2500 1682 2537 meriti
1702 2508 1740 2536 et
1757 2499 1971 2551 mercedis)
1992 2513 2070 2536 non
2094 2500 2218 2537 solum
2240 2499 2276 2536 in
2299 2496 2444 2548 singulis

1447 2560 1624 2612 passibus
1649 2574 1746 2610 quos
1781 2560 1944 2605 faciunt,
1983 2559 2050 2597 sed
2081 2560 2195 2597 etiam
2228 2560 2267 2597 in
2298 2557 2461 2609 singulis,

367 2618 477 2663 redit,
497 2616 681 2666 gradatim
698 2616 851 2666 quidem
872 2625 910 2652 et
927 2616 1164 2666 simpliciter,
1179 2630 1279 2652 unus
1296 2626 1382 2667 post
1399 2625 1433 2658 D
1448 2635 1628 2659 manuum
1661 2634 1813 2657 suarum
1836 2620 2006 2658 motibus
2026 2621 2127 2658 circa
2146 2619 2313 2677 injuncta
2335 2630 2442 2669 opera
2458 2634 2465 2652 s

370 2679 508 2723 alium,
530 2677 636 2726 quasi
665 2677 744 2713 acic
762 2677 918 2723 directa,
939 2685 976 2713 ct
991 2677 1105 2713 armis
1127 2677 1230 2726 pacis
1252 2677 1381 2713 humi-

367 2739 452 2774 liter
481 2746 646 2783 armata,
669 2751 798 2774 nonne
823 2738 957 2787 Angeli
985 2738 1054 2775 Dei
1082 2738 1180 2774 hanc
1207 2738 1380 2775 videntes

370 2800 493 2835 taliter
513 2798 766 2844 incedentem,
788 2806 825 2834 et
845 2799 890 2835 ad
913 2799 1101 2836 Christum
1121 2799 1271 2835 noviter
1286 2813 1379 2836 con-

367 2872 512 2895 versam
534 2859 579 2895 de
602 2858 767 2895 tenebris
781 2888 789 2904 ,
817 2872 895 2908 prae
915 2859 1167 2896 admiratione
1187 2868 1224 2895 et
1240 2859 1379 2909 gaudio

366 2919 454 2968 jure
472 2919 678 2954 concinunt
695 2933 702 2954 :
723 2920 820 2965 Quoe
836 2929 888 2955 eat
904 2925 976 2956 ista
996 2934 1085 2968 qtae
1105 2922 1271 2956 ascendit
1285 2922 1382 2957 sicut

368 2994 503 3015 aurora
525 2993 754 3025 cottis·l‹·1·getz.s·‚
767 2981 931 3027 pulchra
950 2990 988 3016 uc
1003 2984 1093 3016 luna
1115 2988 1122 3002 ¹
1136 2983 1150 3017 Ρ
1164 2985 1382 3032 etc.,Te1¹1·e-

369 3049 430 3077 tur
454 3048 579 3076 autem
602 3040 778 3076 exclusus
806 3039 998 3087 diabolus,
1024 3050 1061 3077 et
1085 3055 1200 3091 supra
1221 3042 1379 3078 modum

371 3100 497 3144 dolet,
522 3098 805 3149 videns(quod
832 3101 974 3136 utinam
1006 3115 1157 3151 semper
1186 3102 1313 3139 videat
1339 3112 1377 3140 et

363 3158 505 3209 doleat)
527 3159 665 3195 horum
683 3160 1014 3207 resurrectionem,
1034 3162 1139 3211 regni
1152 3162 1209 3198 sui
1227 3163 1375 3200 ruinam

361 3234 441 3258 (sse
454 3234 531 3256 non
550 3219 751 3257 modicam.
767 3223 867 3270 Ergo
884 3230 1054 3258 armatur
1069 3230 1106 3258 et
1126 3222 1207 3272 ipse
1224 3232 1370 3272 quanto

410 3360 419 3375 ¹
442 3352 562 3385 Cantic.
582 3364 640 3392 vx,
664 3357 697 3384 9.
717 3372 761 3376 -—
781 3355 986 3391 ²1Cor.v1‚
1014 3356 1066 3385 13.
1086 3373 1127 3377 —
1150 3352 1163 3376 3
1179 3358 1271 3387 Rom.
1288 3368 1359 3393 xxv,
1388 3360 1440 3388 17.

1446 2682 1592 2733 peccati
1613 2681 1876 2718 remissionem
1899 2681 2104 2731 consequi,
2126 2682 2186 2718 vel
2209 2687 2441 2730 augmentum

1447 2756 1600 2780 eoronae
1622 2742 1659 2779 in
1682 2742 1758 2779 vita
1779 2751 1932 2780 {eterna
1956 2743 2029 2792 Qui
2050 2742 2080 2780 si
2104 2742 2201 2779 forte
2221 2740 2354 2779 cadant
2377 2738 2442 2777 ali-

1446 2803 1602 2853 quando
1621 2832 1630 2849 ,
1667 2802 1770 2853 quod
1807 2803 1967 2840 omnino
2004 2803 2123 2840 vitare
2153 2815 2230 2839 non
2265 2808 2438 2853 possunt,

1446 2863 1536 2900 dum
1560 2872 1717 2914 portant
1737 2878 1889 2901 carnem
1909 2864 2077 2914 fragilem
2097 2878 2104 2900 :
2123 2876 2202 2900 non
2221 2871 2342 2899 tamen
2367 2859 2458 2897 col—-

1446 2924 1640 2969 liduntur‚
1657 2925 1743 2974 quia
1763 2925 1950 2961 Dominus
1967 2924 2149 2974 supponit
2163 2935 2314 2960 manum
2330 2932 2438 2958 suam.

1508 2986 1565 3022 11.
1589 2988 1685 3022 Ecce
1714 2984 1831 3022 habes
1861 2998 1983 3035 pauca
2005 2985 2088 3029 illa,
2111 2983 2247 3020 dilecte
2264 2982 2333 3027 mi,
2362 2991 2439 3030 quae

1448 3043 1495 3080 de
1525 3043 1760 3094 pauperibus
1791 3044 2047 3082 Clarae-Vallis
2078 3044 2116 3080 in
2142 3042 2255 3092 hujus
2280 3039 2439 3092 epistolae

1446 3105 1644 3154 prooemiis
1672 3114 1744 3142 tuae
1774 3105 1963 3155 promissa
1989 3113 2078 3142 sunt
2100 3102 2305 3141 dilectioni.
2336 3101 2439 3139 Plura

1445 3173 1589 3201 restant
1609 3165 1766 3202 meliora
1784 3174 1822 3202 et
1841 3166 1985 3216 optima
1998 3195 2008 3212 ,
2029 3164 2076 3202 ad
2098 3177 2183 3215 quae
2199 3159 2439 3200 describenda

1444 3238 1530 3262 cum
1551 3226 1726 3263 sufficere
1758 3239 1834 3263 non
1867 3226 2034 3273 valeam,
2060 3239 2146 3276 quae
2172 3223 2271 3261 dicta
2294 3228 2378 3259 sunt
2401 3219 2436 3256 in
