2517 3920
361 198 458 234 1055

352 276 382 312 si
412 287 558 311 summe
590 272 740 323 sapiens
775 275 876 309 Deus
911 273 1097 310 veraciter
1130 273 1310 319 creditur,
1337 272 1396 308 :1⁴⁵

1140 198 1174 232 S.
1203 197 1454 232 BERNARDI
1483 196 1687 231 ABBATIS

1403 272 1586 322 '⁰'proprio
1617 270 1782 306 retinere
1814 269 1976 318 quaestui
2007 282 2086 306 non
2122 280 2316 310 verentur.
2350 278 2434 313 Non

2336 198 2432 236 1056

353 347 502 372 summo
523 346 643 382 usque
674 332 853 368 deorsum
885 332 978 368 nihil
1005 333 1264 369 inordinatum
1295 345 1358 367 re-
1379 338 1409 371 A
1427 330 1536 366 amici
1564 329 1735 378 profecto
1762 328 1913 377 sponsi,
1943 328 2007 364 sed
2028 331 2155 366 aemuli
2175 340 2274 368 sunt.
2308 336 2356 370 Et
2388 334 2434 372 de

351 395 545 443 linquere;
572 406 708 428 vereor
743 392 836 427 istos
867 405 944 428 non
975 392 1064 428 alibi
1102 391 1360 434 ordinandos,

354 467 467 504 quam
490 452 555 489 ubi
576 453 703 488 nullus
723 451 820 487 ordo
833 480 842 497 ,
865 451 930 487 sed
950 452 1205 500 sempiternus
1225 451 1364 486 horror

353 512 549 550 inhabitat.
569 515 599 549 O
621 511 872 547 miserandam
891 524 1069 560 sponsam
1083 539 1092 555 ,
1117 510 1252 546 talibus
1276 523 1362 545 cre-

353 573 469 609 ditam
498 571 788 622 paranymphis!
811 571 874 620 qui
902 571 1087 620 assignata
1108 570 1226 605 cultui
1256 568 1360 617 ejus,

373 782 424 791 ann
430 782 453 790 ιι
460 780 625 791 ιιιιιιιιιιιι
631 779 770 788 ιιικιννιιι
777 777 1034 787 ιιινινιιιιιιιινιιικ
1040 777 1122 786 ιιιιιι
1128 777 1151 785 ιι
1156 776 1209 784 ιιιι

1217 775 1326 784 ιικιικιι
1336 775 1474 784 Λιιιινικι
1480 775 1588 784 ιιιινινι

1430 390 1487 425 his
1503 390 1590 425 satis
1607 402 1690 437 quae
1708 387 1778 424 sub
1802 397 1836 423 te
1858 396 1971 433 sunt,
1991 389 2060 425 etsi
2080 403 2156 426 non
2191 391 2237 427 ad
2268 394 2434 430 materiae

1431 450 1599 498 copiam,
1617 462 1702 497 quae
1723 457 1779 484 est
1796 449 1914 484 multa
1934 449 2069 495 nimis;
2087 459 2188 487 certe
2208 451 2255 487 ad
2277 451 2314 488 id
2332 441 2434 502 quod

1429 509 1615 557 proposui
1641 520 1724 556 ego.
1744 507 1908 544 Visenda
1923 507 2003 556 jain
2026 522 2111 558 quae
2132 510 2231 546 circa
2258 519 2293 547 te
2322 521 2432 560 sunt,

1429 567 1495 603 sed
1515 567 1561 603 ad
1583 581 1625 604 ea
1647 567 1787 604 ostium
1807 567 1919 604 nobis
1939 577 2097 617 quartus
2116 569 2212 606 liber
2234 571 2388 620 aperiet.

1594 775 1647 784 ικωι
1654 775 1835 784 Ὰνυιιαινιιιη
1841 775 2053 786 ιιιιιιιωνινιιι
2059 777 2083 786 nx
2088 777 2144 786 ιιιι
2149 777 2371 788 ιινιιιιιιιιινινι
2377 779 2432 789 mua.

884 954 1230 1046 LIBER
1300 951 1869 1060 QUARTUS.

719 1407 897 1446 CAPUT
928 1408 961 1446 I.

525 1531 652 1560 Tractat
673 1529 711 1560 de
724 1530 760 1561 iis
774 1540 843 1572 quae
860 1530 942 1561 circa
955 1530 1056 1572 ipsum
1070 1536 1154 1561 sunt.

388 1649 420 1683 1.
449 1646 485 1683 Si
508 1647 599 1683 mihi
629 1648 779 1697 plenius
806 1649 1036 1686 innotuisset
1053 1680 1062 1696 ‚
1087 1650 1347 1687 amantissime

336 1706 504 1754 Eugeni,
530 1707 661 1756 priora
691 1708 854 1756 qualiter
876 1710 1107 1759 acceptari53
1137 1709 1348 1746 seeundum

335 1765 408 1801 hoc
429 1767 487 1802 vel
506 1766 684 1803 fidentius
704 1769 742 1804 in
759 1769 947 1817 reliquum
970 1770 1237 1818 processissem
1254 1798 1262 1815 ,
1286 1769 1347 1805 vel

332 1827 479 1863 cautius
496 1855 505 1872 ,
529 1835 595 1862 aut
626 1836 727 1864 certe
759 1828 1009 1865 substitissem
1029 1830 1200 1866 omnino.
1237 1833 1347 1866 Nunc

333 1898 425 1921 vero
465 1887 554 1935 quia
593 1886 642 1923 ob
666 1887 839 1924 locorum
872 1888 1089 1925 distantiam
1120 1889 1158 1926 id
1188 1889 1345 1926 minime

334 1945 459 1992 datur,
481 1960 559 1982 non
580 1947 727 1984 mireris
755 1948 783 1984 si
814 1949 943 1998 prodit
965 1950 1101 1986 exilior
1126 1964 1251 1987 sermo
1273 1964 1344 1986 an-

333 2018 435 2054 ceps,
450 2007 677 2053 verecunde,
693 2008 824 2055 fateor,
839 2009 885 2045 ad
902 2010 1067 2046 medium
1080 2011 1248 2046 veniens.
1265 2010 1346 2046 Pri-

333 2064 403 2099 mis
424 2065 551 2114 itaque
576 2066 893 2104 considerationis
915 2069 1089 2118 partibus
1108 2070 1213 2106 libris
1241 2071 1343 2120 prio-

332 2123 438 2161 ribus
457 2127 713 2174 pertractatis,
732 2128 770 2163 in
790 2128 966 2165 manibus
983 2139 1039 2166 est
1053 2130 1100 2167 de
1113 2131 1168 2167 his
1186 2131 1340 2177 addere,

1370 1413 1398 1447 Β
1418 1410 1508 1446 item
1529 1409 1575 1446 de
1593 1409 1709 1446 domo
1725 1417 1762 1445 et
1781 1421 1913 1445 mensa
1931 1415 1994 1444 tua
2017 1416 2119 1454 sunt,
2140 1409 2346 1458 capellani,
2366 1423 2429 1448 cu·

1413 1470 1608 1517 bicularii,
1630 1470 1794 1506 ministri
1813 1469 1956 1519 quique
1974 1468 2135 1505 diversis
2156 1469 2327 1519 deputati
2342 1471 2429 1508 offi-

1414 1531 1480 1568 ciis
1498 1531 1536 1566 in
1553 1530 1780 1580 obsequium
1798 1529 1864 1566 tui.
1884 1529 1933 1567 Hi
1957 1537 1993 1565 te
2017 1528 2240 1565 familiarius
2258 1531 2426 1576 visitant,

1414 1591 1652 1641 frequentius
1684 1591 1839 1640 pulsant
1857 1619 1866 1635 ,
1903 1589 2176 1639 molestiusque
2210 1590 2426 1629 sollicitant.

1414 1651 1463 1687 Hi
1481 1660 1569 1687 sunt
1586 1651 1651 1699 qui
1670 1663 1748 1686 non
1768 1658 1953 1686 verentur
1973 1649 2156 1686 suscitare
2177 1649 2366 1697 dilectam,
2391 1659 2428 1687 et

1414 1719 1617 1760 antequam
1639 1711 1721 1760 ipsa
1736 1710 1839 1746 velit.

1787 1833 1965 1873 CAPUT
1996 1834 2052 1872 II.

1411 1962 1459 1990 De
1472 1958 1545 1990 cleri
1568 1964 1598 1990 et
1620 1957 1731 2000 populi
1749 1957 1887 1988 Romani
1902 1956 2044 1988 moribus
2066 1956 2146 1999 agit,
2175 1963 2206 1989 et
2230 1957 2270 1989 de
2286 1963 2424 1990 veterum

1672 2014 1836 2042 Pastorum
1854 2021 1928 2042 cura
1944 2021 1979 2042 ac
1992 2010 2162 2052 vigilantia.

1465 2134 1500 2169 2.
1531 2136 1578 2169 Et
1608 2132 1735 2182 primo
1768 2131 1924 2182 quidem
1955 2131 2098 2168 clerum
2123 2130 2231 2167 illum
2264 2131 2421 2169 ordina-

328 2196 413 2232 quae
431 2185 529 2221 eirca
548 2194 581 2222 te
594 2195 693 2223 sunt.
709 2188 844 2238 Etipsa
857 2189 1011 2238 quidem
1025 2190 1095 2226 sub
1115 2199 1164 2237 te,
1178 2191 1243 2227 sed
1261 2205 1338 2240 quo
1359 2194 1385 2230 C
1404 2193 1588 2230 tissimum
1612 2206 1692 2229 esse
1708 2191 1832 2237 decet,
1848 2205 1896 2228 ex
1909 2205 1987 2241 quo
2004 2191 2198 2242 praecipue
2211 2191 2250 2228 in
2267 2205 2420 2229 omnem

328 2245 526 2293 propiora,
538 2259 582 2282 eo
592 2247 874 2296 imptntuniora
885 2249 964 2286 tibi.
975 2254 1119 2300 Nempe
1129 2265 1256 2288 corani
1275 2266 1341 2302 po-

328 2303 398 2339 sita
419 2305 603 2342 incuriam
623 2320 699 2343 non
713 2308 920 2345 admittunt
934 2338 943 2353 ,
968 2323 1045 2346 non
1068 2311 1339 2349 dissimulatio-

327 2376 430 2408 nem,
450 2378 528 2401 non
544 2365 791 2405 oblivionem.
805 2369 1076 2407 Vehementius
1094 2381 1245 2420 urgent,
1260 2381 1340 2409 tur-

327 2421 519 2460 bulentius
541 2425 691 2462 irruunt
708 2441 715 2462 :
737 2429 948 2465 verendum
969 2444 1016 2467 ne
1036 2430 1216 2468 obruant.
1234 2433 1342 2470 Circa

326 2482 515 2531 ejusmodi
540 2499 653 2534 quan]
679 2487 807 2524 sobria
826 2499 863 2525 et
878 2490 1024 2527 intenta
1037 2492 1342 2529 consideratione

324 2555 421 2591 opus
440 2544 499 2589 sit,
525 2546 685 2595 proprio
704 2556 737 2583 te
752 2550 1016 2598 experimento
1036 2552 1215 2588 edoctum
1248 2553 1336 2589 satis

325 2614 403 2637 non
424 2602 588 2653 ambigo.
611 2606 793 2655 Alioquin
810 2609 839 2644 si
862 2623 939 2645 non
963 2621 1073 2647 cauta
1099 2621 1337 2662 opportuna-

323 2674 396 2709 que
421 2663 649 2701 interveniat
680 2668 957 2716 consideratio,
986 2672 1188 2721 occupatio
1220 2673 1337 2709 conti-

324 2721 518 2769 nuabitur,
536 2733 573 2760 et
591 2727 807 2765 vexationis
821 2742 898 2766 non
913 2731 985 2767 erit
1002 2731 1153 2778 modus,
1178 2741 1215 2768 et
1236 2733 1337 2769 solli-

324 2780 500 2818 citudinis
511 2797 589 2820 non
606 2786 677 2822 erit
692 2787 788 2825 linis.
802 2792 886 2825 Non
903 2799 1053 2840 tempus
1067 2805 1244 2838 vacuum,
1258 2806 1336 2829 non

323 2838 485 2877 liberum
498 2856 564 2879 cor
578 2845 680 2893 :plus
694 2846 847 2894 laboris,
860 2858 897 2885 et
908 2851 1033 2887 minus
1046 2852 1229 2888 utilitatis.
1242 2852 1337 2889 Dico

323 2906 447 2935 autem
466 2929 475 2945 ,
508 2902 684 2940 instantia
698 2905 760 2942 illa
780 2915 841 2944 tua
858 2910 1100 2958 quotidiana,
1121 2911 1168 2948 ab
1187 2911 1294 2958 urbe,
1316 2926 1337 2948 a

1407 2253 1613 2291 Ecclesiam
1646 2253 1735 2290 cleri
1767 2253 1889 2289 forma
1920 2252 2118 2302 processit.
2142 2249 2290 2289 Deinde
2307 2266 2438 2290 omne.

1406 2313 1513 2362 quod
1536 2326 1740 2362 perperam
1762 2312 1888 2361 agitur
1910 2320 1944 2348 te
1962 2319 2164 2361 praesente,
2187 2311 2228 2347 id
2250 2311 2318 2348 tibi
2336 2321 2418 2349 tur-

1405 2374 1504 2423 pius.
1535 2376 1700 2410 Interest
1727 2372 1858 2422 gloriae
1887 2372 2102 2409 Sanctitatis
2123 2380 2218 2418 tuae,
2248 2381 2291 2409 ut
2324 2386 2419 2422 quos

1408 2448 1488 2484 prae
1517 2433 1637 2470 oculis
1660 2432 1798 2480 habes,
1822 2434 1875 2470 ita
1904 2432 2094 2479 ordinati,
2116 2432 2167 2469 ita
2191 2433 2266 2469 sint
2294 2433 2418 2470 infor-

1409 2493 1499 2529 mati
1513 2521 1522 2537 ,
1542 2500 1731 2541 quatenus
1753 2492 1869 2528 totius
1890 2491 2100 2528 honestatis
2122 2500 2160 2528 et
2179 2491 2325 2529 ordinis
2346 2489 2416 2542 ipsi

1406 2553 1631 2602 speculum,
1664 2552 1737 2602 ipsi
1780 2552 1855 2588 sint
1886 2552 2020 2588 forma.
2052 2552 2304 2589 Inveniantur
2338 2565 2415 2602 prae

1403 2612 1548 2648 caeteris
1575 2620 1730 2662 oportet
1763 2611 1932 2661 expediti
1959 2611 2006 2648 ad
2033 2612 2185 2659 officia,
2213 2612 2342 2649 idonei
2368 2611 2415 2649 ad

1404 2675 1668 2718 Sacramenta,
1691 2672 1737 2708 ad
1756 2671 1888 2722 plebes
1905 2672 2136 2709 erudiendas
2156 2673 2320 2720 solliciti,
2341 2673 2415 2710 cir-

1404 2733 1614 2783 cumspecti
1648 2732 1695 2769 ad
1722 2746 1802 2770 sese
1820 2732 2093 2769 custodiendos
2117 2733 2155 2769 in
2177 2733 2283 2769 omni
2305 2733 2416 2770 casti-

1405 2802 1491 2830 tate.
1508 2793 1608 2841 Quid
1624 2792 1670 2829 de
1686 2794 1833 2843 populo
1848 2794 2013 2842 loquar?
2034 2793 2205 2843 Populus
2219 2796 2412 2830 Romanus

1403 2861 1471 2889 est.
1493 2857 1568 2891 Nec
1597 2852 1751 2890 brevius
1783 2853 1915 2903 potui,
1940 2866 2011 2890 nec
2042 2853 2259 2903 expressius
2287 2861 2410 2889 tamen

1404 2914 1552 2963 aperire
1583 2913 1629 2949 de
1657 2914 1730 2950 tuis
1753 2913 1996 2964 parochianis
2019 2913 2124 2963 quod
2153 2913 2290 2950 sentio.
2312 2912 2409 2961 Quid

320 2969 445 3004 curia,
473 2973 493 2995 a
514 2960 721 3000 domestica
741 2968 897 3005 ecclesia
926 2979 1000 3007 tua.
1020 2975 1129 3017 Haee,
1153 2973 1328 3021 inquam,
1346 2977 1378 3010 D
1399 2981 1474 3009 tam
1502 2981 1636 3009 notum
1660 2974 1807 3010 saeculis
1821 3002 1830 3020 ,
1854 2987 1969 3023 quam
1989 2973 2186 3023 protervia
2205 2981 2243 3009 et
2263 2973 2378 3010 fastus
2392 2978 2408 2995 ²

323 3016 422 3083 circa
445 3026 479 3053 te
499 3029 588 3055 sunt
602 3050 610 3066 ‚
637 3023 758 3061 clerus
780 3035 817 3062 et
838 3031 1003 3079 populus
1024 3040 1132 3078 tuus,
1151 3032 1217 3068 eui
1238 3046 1328 3081 spe—

322 3078 467 3115 eialiter
487 3081 739 3131 episcoparis,
761 3099 802 3121 ac
824 3101 892 3136 per
921 3090 992 3127 hoc
1021 3093 1194 3141 specialis
1230 3106 1330 3129 curae

322 3138 462 3174 teneris
495 3138 655 3177 debitor.
691 3143 738 3179 Hi
767 3158 920 3196 quoque
949 3151 1013 3198 qui
1051 3151 1118 3188 tibi
1157 3152 1330 3201 quotidie

323 3197 502 3234 assistunt
526 3200 693 3237 seniores
720 3206 873 3254 populi,
896 3208 998 3245 orbis
1015 3210 1185 3259 judices3
1207 3221 1244 3249 et
1263 3213 1329 3262 qui

367 3335 380 3350 ³
400 3331 485 3362 Alias
502 3356 509 3371 ‚
536 3334 748 3367 cervicositas.

1396 3035 1688 3070 Romanorum?
1709 3037 1812 3072 Gens
1841 3034 1991 3071 insueta
2020 3033 2127 3084 paci,
2150 3034 2328 3071 tumultui
2347 3046 2408 3071 as-

1398 3102 1521 3140 sueta;
1538 3106 1629 3143 gens
1641 3094 1798 3130 immitis
1814 3102 1851 3130 et
1864 3093 2115 3130 intractabilis
2131 3106 2254 3143 usque
2269 3093 2403 3138 adhuc,

1397 3153 1509 3190 subdi
1540 3155 1687 3200 nescia,
1715 3154 1786 3190 nisi
1811 3167 1897 3190 cum
1919 3167 1997 3190 non
2017 3154 2118 3190 valet
2143 3154 2330 3191 resistere.
2348 3155 2404 3190 Eu

1395 3214 1505 3264 plaga
1523 3229 1530 3251 :
1551 3213 1620 3251 tibi
1639 3213 1827 3251 incumbit
1852 3227 1943 3251 cura
1959 3214 2053 3261 haec,
2075 3213 2311 3252 dissimulare
2326 3224 2404 3250 non

2503 2208 2512 2233 1
