2533 3920
350 212 423 250 307

1117 207 1151 242 S.
1182 205 1436 241 BERNARDI
1466 202 1665 237 ABBATIS

2347 201 2421 238 308

348 290 434 340 plus
452 287 593 325 claret?
616 283 802 334 siquidem
823 281 1018 332 ignobilis,
1042 295 1127 318 cum
1149 290 1251 318 earet
1269 281 1408 331 glo-'²¹
1424 279 1562 316 decore
1582 277 1817 329 spectabili5‚
1839 276 1929 326 ipsis
1948 289 2103 326 quoque
2125 277 2278 327 Angelis
2302 278 2425 316 admi-

349 350 423 396 ria,
452 362 531 385 non
566 347 672 384 facile
708 344 851 394 liquet,
883 351 1011 378 utrum
1038 342 1127 391 quia
1156 342 1275 388 nolit,
1304 355 1353 379 an
1374 342 1403 376 A
1419 339 1562 376 raudus
1579 347 1735 376 ornatus
1753 353 1761 374 :
1781 346 1817 375 et
1836 337 2036 387 proferant
2055 338 2085 374 si
2112 338 2203 387 quid
2222 338 2342 375 simile
2358 339 2427 376 ha-

349 410 437 459 quia
455 422 533 445 non
548 407 667 457 possit
682 404 835 441 habere.
853 402 986 439 Laudo
1004 402 1138 439 factam
1161 401 1206 438 de
1223 415 1355 439 neces-

349 470 459 506 sitate
482 468 661 504 virtutem
683 480 690 501 ε
715 463 780 501 sed
804 463 888 512 plus
908 462 1010 498 illam
1035 475 1148 512 quam
1174 462 1278 512 eligit
1303 462 1355 498 li-

351 529 496 573 bertas,
519 540 597 564 non
615 525 745 562 indicit
768 522 981 559 necessitas.

406 590 440 625 2.
459 591 613 624 Certent
633 597 723 633 ergo
751 592 914 629 caeterae,
942 596 1026 632 quae
1051 595 1158 632 spem
1186 595 1264 619 non
1285 583 1355 619 ha-

350 649 443 685 bent
460 677 468 692 ,
488 660 560 697 pro
582 658 709 682 rerum
732 643 921 693 fugacium
942 651 1056 692 atque
1079 643 1265 679 fallacium
1290 643 1358 680 vili

350 708 535 757 brevique
558 705 716 755 gloriola
735 719 742 741 :
765 712 804 740 tu
825 703 924 753 spei,
942 716 1026 752 quae
1048 716 1125 739 non
1143 703 1358 749 confundit,

351 770 525 806 innitere.
548 771 603 804 Tu
622 774 679 812 te,
700 765 857 814 inquam
871 793 880 810 ,
905 763 939 800 ei
965 763 1069 813 quod
1086 762 1202 799 breve
1222 763 1294 799 hoc
1316 776 1358 799 ac

353 836 663 865 momentaneum
689 823 944 861 tribulationis
965 831 1039 859 tuae
1061 836 1177 872 supra
1199 822 1355 859 modum

352 889 390 924 in
412 887 572 925 sublime
589 893 790 936 operatur,
816 884 980 934 ponderi
1000 883 1129 932 gloriae
1149 891 1355 919 reservato.

352 949 463 997 Quod
496 949 526 984 si
557 946 625 983 tibi
650 944 969 995 exprobraverint
999 944 1084 979 filiae
1116 943 1254 987 Belial,
1287 943 1360 979 illae

351 1022 436 1057 quae
454 1015 609 1044 extento
639 1005 757 1050 collo,
786 1004 910 1040 fractis
931 1003 1114 1039 incedunt
1143 1002 1332 1051 gressibus
1348 1031 1358 1047 ,

352 1066 573 1116 compositae
593 1073 630 1101 et
656 1065 946 1100 circumornatae
968 1070 1010 1098 ut
1038 1061 1246 1098 similitudo
1270 1070 1361 1099 tem-
1379 1065 1406 1099 B
1428 1070 1529 1098 tuam

352 1128 427 1177 pli;
446 1125 656 1176 responde,
678 1128 853 1173 Regnum
882 1136 1009 1159 meum
1030 1136 1108 1160 non
1129 1131 1186 1160 est
1218 1122 1265 1159 de
1289 1123 1361 1160 hoc

352 1187 498 1224 mundo
531 1201 539 1223 :
578 1184 789 1235 responde,
826 1187 992 1233 Tempus
1026 1197 1153 1220 meum
1190 1183 1362 1220 nondum

352 1248 506 1285 advenit
520 1277 529 1293 ,
552 1255 702 1296 tempus
720 1252 847 1281 autem
864 1252 1033 1280 vestrum
1056 1256 1208 1293 semper
1224 1251 1280 1279 est
1299 1256 1364 1293 pa-

352 1318 477 1346 ratum
509 1323 515 1343 :
550 1305 761 1356 responde,
793 1304 924 1342 Gloria
955 1317 1037 1340 mea
1062 1303 1285 1340 abscondita
1309 1312 1364 1340 est

353 1383 438 1407 cum
462 1367 609 1405 Christo
642 1366 682 1402 in
709 1368 816 1410 Deo;
839 1378 924 1400 eum
946 1372 1073 1400 autem
1104 1364 1274 1401 Christus
1297 1377 1365 1413 ap—

354 1429 525 1480 paruerit
543 1427 618 1464 vita
637 1440 742 1471 mea,
775 1434 866 1462 tunc
893 1434 930 1461 et
950 1438 1020 1474 ego
1047 1424 1244 1475 apparebo
1277 1438 1363 1461 cum

354 1491 437 1540 ipso
458 1489 496 1525 in
518 1488 637 1537 gloria
651 1494 675 1523 ¹.
696 1491 920 1535 Quanquam
933 1493 970 1521 et
985 1485 1013 1521 si
1027 1485 1181 1534 gloriari
1197 1493 1364 1534 oportet,

353 1559 463 1600 potes
482 1558 519 1585 tu
538 1560 693 1597 quoque
712 1547 876 1596 ingenue
892 1575 901 1591 ,
919 1553 1027 1595 potes
1042 1558 1176 1581 secure
1191 1576 1201 1590 ,
1217 1553 1365 1581 tantum

353 1611 391 1646 in
420 1609 596 1646 Domino.
621 1607 766 1645 Omitto
798 1619 886 1642 sane
915 1618 1121 1651 coronam,
1151 1618 1266 1654 quam
1299 1603 1367 1640 tibi

352 1670 543 1708 Dominus
569 1667 801 1718 praeparavit
832 1667 870 1702 in
896 1675 1092 1702 aeternum.
1116 1665 1215 1703 Sileo
1237 1678 1368 1715 repro-

355 1730 554 1766 missiones
569 1757 578 1772 ,
600 1741 686 1777 quae
709 1735 745 1763 te
765 1726 803 1762 in
829 1734 1026 1776 posterum
1046 1733 1201 1762 manent
1228 1740 1235 1762 ι
1264 1725 1369 1775 quod

356 1790 445 1825 felix
463 1801 601 1838 sponsa
618 1785 854 1824 admittenda
874 1798 913 1821 es
934 1785 1100 1821 revelata
1117 1784 1210 1821 facie
1227 1798 1368 1834 specu-

1422 399 1515 437 bent
1547 400 1630 436 filiae
1658 398 1888 448 BabyloniS,
1923 411 2086 447 quarum
2113 411 2203 435 vere
2234 398 2355 448 gloria
2387 400 2427 436 in

1423 460 1658 496 confusione.
1688 458 1907 496 Induuntur
1936 471 2109 508 purpura
2147 467 2185 495 et
2223 457 2359 508 bysso,
2390 468 2429 497 et

1423 519 1583 557 subinde
1603 519 1835 556 conscientia
1852 531 2023 568 pannosa
2035 517 2137 567 jacet
2155 533 2163 555 :
2182 519 2326 569 fulgent
2345 533 2430 557 mo-

1423 580 1584 627 nilibus,
1597 579 1768 616 moribus
1785 578 1954 616 sordent.
1978 581 2007 615 E
2024 587 2157 615 contra
2167 587 2209 615 tu
2224 579 2315 616 foris
2329 593 2429 629 pan-

1426 654 1538 687 nosa,
1580 641 1682 677 intus
1715 639 1885 689 speciosa
1913 637 2158 688 resplendes,
2190 638 2256 676 sed
2294 638 2431 677 divinis

1427 699 1689 750 adspectibus,
1711 714 1790 737 non
1817 700 2004 736 humanis.
2023 703 2133 736 Intus
2159 707 2215 736 est
2238 699 2343 749 quod
2368 700 2431 737 de-

1425 762 1538 798 lectat
1551 791 1559 806 ,
1580 761 1669 811 quia
1689 762 1791 797 intus
1811 769 1867 797 est
1886 773 2001 809 quem
2022 759 2184 796 delectat
2208 774 2217 797 ε
2242 760 2315 797 nisi
2334 761 2432 800 forte

1427 830 1466 858 tu
1485 821 1634 858 dubitas
1653 821 1822 858 habitare
1840 821 2027 859 Christum
2043 834 2113 871 per
2126 820 2240 858 fidem
2256 821 2296 858 in
2317 822 2432 860 corde

1427 890 1505 918 tuo.
1532 882 1706 931 Denique
1735 882 1858 918 omnis
1886 882 2006 931 gloria
2033 882 2116 931 ejus
2146 882 2233 918 filiae
2260 882 2359 931 regis
2387 882 2434 920 ab

1425 942 1529 978 intus
1547 948 1573 978 ².
1594 942 1832 988 Jucundare,
1854 942 1930 978 filia
1950 942 2062 988 Si0n3
2084 950 2123 979 et
2155 942 2303 979 exsulta
2321 943 2432 990 satis,

1427 1002 1503 1038 filia
1522 1001 1756 1047 Jerusalem,
1791 1002 1880 1051 quia
1912 1002 2133 1052 concupivit
2159 1006 2243 1040 Rex
2271 1003 2436 1053 speciem

1555 1075 1562 1097 :
1587 1061 1617 1098 si
1648 1069 1775 1098 tamen
1802 1061 2080 1098 confessionem
2114 1070 2152 1098 et
2170 1061 2348 1099 decorem
2374 1063 2438 1099 in-

1429 1123 1533 1169 duis,
1564 1122 1700 1158 amicta
1724 1122 1870 1158 lumine
1901 1122 1998 1158 sicut
2025 1122 2264 1160 vestimento.
2293 1125 2438 1173 Nempe

1430 1183 1617 1220 confessio
1635 1191 1672 1219 et
1698 1181 1942 1232 pulchritudo
1962 1182 2001 1219 in
2018 1191 2228 1233 conspectu
2247 1181 2342 1232 ejus.
2364 1186 2439 1221 Cu-

1424 1243 1512 1293 jus?
1533 1243 1700 1293 Speciosi
1722 1243 1844 1280 forma
1863 1256 1943 1293 prae
1967 1243 2053 1280 filiis
2072 1243 2297 1290 hominum;
2320 1243 2439 1293 ipsius
2487 1244 2493 1250 “
2530 1275 2533 1282 2

1431 1304 1470 1340 in
1485 1317 1597 1353 quem
1616 1303 1834 1340 desiderant
1850 1303 1983 1353 Angeli
1997 1303 2231 1353 prospicere.

1484 1364 1520 1400 4.
1539 1363 1658 1401 Audis
1684 1363 1744 1400 cui
1770 1364 1897 1413 places
1919 1378 1927 1400 :
1956 1376 2040 1400 ama
2060 1362 2164 1400 unde
2187 1363 2337 1413 places,
2357 1376 2441 1401 ama

1432 1424 1734 1470 confessionem,
1756 1423 1807 1460 ob
1831 1437 1946 1473 quam
1978 1424 2117 1461 amaris
2145 1439 2154 1461 z
2187 1437 2272 1461 ama
2291 1424 2442 1461 confes-

1433 1485 1600 1529 sionem,
1624 1484 1654 1521 si
1677 1484 1831 1522 affectas
1850 1484 2040 1522 decorem.
2062 1483 2300 1522 Confessioni
2314 1483 2443 1534 jungi-

1434 1554 1496 1582 tur
1513 1545 1651 1591 decor,
1669 1544 1845 1594 jungitur
1860 1544 2122 1594 pulchritudo.
2139 1543 2268 1582 Habes
2289 1553 2443 1582 utrum-

1434 1618 1532 1655 que,
1569 1603 1848 1652 Confessionem
1878 1614 1916 1641 et
1942 1607 2113 1641 decorem
2146 1606 2305 1640 Induisti
2323 1601 2360 1651 33
2385 1613 2441 1651 et,

1439 1666 1629 1713 Confessio
1643 1674 1680 1700 et
1693 1666 1936 1714 pulchritudo
1957 1670 1996 1701 ιἰι
2014 1674 2210 1714 conspectu
2226 1666 2304 1712 ejus
2315 1666 2343 1702 ⁴⁵.
2363 1669 2443 1703 Re-

1434 1739 1526 1762 vera
1546 1724 1613 1762 ubi
1633 1726 1820 1763 confessio
1835 1755 1844 1772 ,
1865 1725 1917 1762 ibi
1943 1725 2192 1776 pulchritudo
2208 1753 2218 1771 ,
2237 1724 2291 1762 ibi
2315 1725 2442 1763 decor.

1437 1786 1474 1824 Si
1503 1794 1658 1836 peccata
1692 1794 1800 1831 sunt,
1833 1786 1871 1822 in
1905 1786 2144 1823 confessione
2174 1785 2352 1822 lavantur
2384 1786 2444 1823 :si

357 1850 427 1886 lari
446 1849 603 1898 gloriam
628 1846 767 1897 Sponsi
785 1846 864 1892 tui3
888 1845 991 1895 quod
1020 1853 1056 1881 te
1085 1844 1157 1881 sibi
1177 1844 1370 1881 exhibitu·
1390 1844 1417 1880 C
1436 1846 1540 1883 bona
1561 1860 1696 1896 opera,
1729 1847 1968 1883 confessione
1995 1845 2327 1883 commendantur.
2349 1848 2443 1883 Cum

357 1924 422 1946 rus
449 1918 504 1947 est
522 1908 724 1958 gloriosam
738 1936 747 1953 ,
769 1919 846 1943 non
872 1904 1076 1941 habentem
1100 1905 1284 1941 maculam
1304 1913 1369 1941 aut

358 1982 489 2018 rugam
508 1998 516 2013 ,
539 1976 604 2004 aut
637 1965 779 2016 aliquid
812 1963 1059 2013 hujusmodi,
1088 1963 1193 2013 quod
1217 1964 1369 2001 aeternis

358 2038 588 2079 excepturus
612 2025 873 2076 amplexibus,
906 2033 1025 2074 ponet
1051 2025 1183 2061 laevam
1208 2024 1279 2061 sub
1305 2038 1370 2061 ca-

359 2090 438 2139 pite
460 2098 545 2135 tuo,
563 2097 600 2124 ct
618 2088 773 2124 dextera
789 2086 889 2122 illius
910 2084 1191 2135 amplexabitur
1208 2093 1254 2121 te.
1273 2088 1372 2121 Prae-

361 2158 464 2189 tereo
479 2149 605 2185 locum
627 2147 865 2184 nominatum
879 2175 888 2191 ,
905 2158 1018 2194 quem
1037 2145 1263 2194 virginitatis
1277 2158 1373 2194 pree·

361 2210 531 2258 rogativa
555 2208 784 2257 singularem
806 2220 825 2243 a
852 2206 938 2241 liliis
961 2214 998 2241 et
1019 2204 1166 2241 filiabus
1192 2205 1230 2240 in
1252 2218 1371 2254 regno

360 2283 400 2306 es
422 2270 556 2320 procul
583 2267 699 2304 dubio
721 2267 913 2303 sortitura.
938 2265 1037 2302 Sileo
1059 2273 1097 2301 et
1113 2265 1300 2301 canticum
1322 2265 1371 2300 il-

360 2329 426 2366 lud
449 2342 611 2375 novum,
629 2327 734 2377 quod
759 2327 867 2375 virgo
897 2339 982 2362 cum
1005 2325 1216 2374 virginibus
1248 2326 1373 2375 singu-

361 2390 430 2426 lari
458 2389 705 2426 nihilominus
721 2417 730 2433 ,
766 2387 944 2436 dulcique
977 2386 1240 2422 modulamine
1273 2385 1374 2422 cani-

363 2460 447 2487 tura
462 2457 492 2497 ἃ,
514 2449 700 2486 laetaberis
719 2449 757 2484 in
776 2448 858 2497 ipso
875 2476 883 2492 ‚
904 2455 940 2483 et
958 2445 1165 2483 laetificabis
1183 2446 1373 2482 civitatem

363 2511 452 2556 Dei,
480 2518 634 2547 cantans
649 2538 658 2554 ,
677 2517 715 2544 et
732 2508 918 2544 cursitans
933 2536 942 2553 ,
968 2514 1005 2542 et
1032 2519 1195 2555 sequens
1222 2510 1374 2555 Agnum

361 2583 606 2621 quocumque
629 2568 726 2605 ierit.
748 2566 848 2604 Illud
867 2566 1054 2616 siquidem
1076 2579 1146 2602 nec
1166 2567 1299 2602 oculus
1318 2566 1374 2601 vi—

1436 1907 1534 1943 mala
1556 1915 1618 1943 tua
1648 1907 1841 1944 confiteris
1856 1936 1865 1954 ,
1886 1907 2112 1944 sacrificium
2143 1915 2200 1943 est
2224 1910 2306 1944 Deo
2333 1906 2446 1956 spiri-

1437 1975 1496 2003 tus
1513 1966 1790 2004 contribulatus
1814 1982 1821 2003 :
1845 1980 1930 2003 cum
1950 1967 2021 2003 Dei
2042 1965 2247 2010 beneficia,
2272 1965 2445 2003 immolas

1436 2033 1517 2066 Deo
1539 2028 1763 2066 sacrificium
1778 2028 1912 2065 laudis.
1928 2031 2077 2065 Bonum
2095 2027 2231 2064 animae
2245 2040 2447 2064 ornamen-

1438 2098 1516 2125 tum
1542 2089 1729 2125 confessio
1745 2119 1754 2135 ,
1783 2102 1868 2138 quae
1895 2097 1933 2125 et
1953 2096 2192 2138 peccatorem
2223 2096 2384 2137 purgat,
2408 2096 2446 2125 et

1433 2147 1579 2197 justum
1602 2148 1728 2185 reddit
1743 2149 2015 2199 purgatiorem.
2037 2147 2193 2198 Absque
2208 2147 2447 2185 confessione

1434 2207 1561 2257 justus
1573 2207 1769 2257 judicatur
1784 2209 1956 2258 ingratus
1972 2237 1982 2254 ,
2008 2216 2046 2244 et
2067 2216 2247 2258 peccator
2273 2216 2447 2244 mortuus

1439 2276 1651 2318 reputatur.
1690 2274 1724 2306 A
1758 2277 1911 2305 mortuo
1945 2269 2090 2318 quippe
2113 2296 2123 2312 ‚
2158 2276 2339 2318 tanquam
2382 2266 2447 2317 qui

1440 2342 1518 2365 non
1539 2329 1607 2375 sit,
1624 2329 1724 2379 perit
1740 2330 1926 2367 confessio
1945 2328 1971 2366 ⁵.
1994 2329 2190 2367 Confessio
2205 2328 2341 2378 igitur,
2361 2340 2448 2378 pec-

1441 2389 1580 2426 catoris
1606 2398 1662 2425 est
1684 2390 1783 2434 vita,
1809 2389 1903 2439 justi
1924 2389 2044 2438 gloria
2065 2404 2073 2426 :
2098 2397 2137 2425 et
2161 2388 2373 2425 necessaria
2393 2395 2449 2425 est

1441 2450 1652 2499 peccatori,
1679 2458 1716 2486 et
1739 2448 1886 2498 justum
1912 2449 2160 2486 nihilominus
2189 2448 2310 2486 decet.
2330 2448 2449 2485 Deni-
2498 2444 2521 2482 ἰ

1441 2523 1516 2559 que
1537 2517 1661 2546 rectos
1676 2509 1785 2546 decet
1805 2509 1974 2546 laudatio
1985 2508 2014 2546 ⁶.
2033 2509 2158 2546 Serica
2171 2537 2180 2555 ,
2202 2517 2240 2546 et
2256 2521 2448 2559 purpura,
2494 2523 2503 2546 .·

1442 2579 1479 2606 et
1500 2570 1750 2606 tincturarum
1773 2570 1879 2606 fucus
1905 2570 2082 2607 decorem
2103 2569 2266 2616 habent,
2287 2568 2354 2606 sed
2370 2581 2449 2606 non
2494 2593 2497 2599 ·

362 2630 430 2676 dit,
449 2643 518 2666 nec
535 2629 637 2665 auris
654 2627 817 2672 audivit,
839 2639 908 2662 nec
926 2627 964 2662 in
981 2639 1048 2662 cor
1065 2626 1228 2662 hominis
1244 2638 1373 2662 ascen·
1389 2635 1421 2667 D
1441 2628 1627 2679 praebent.
1662 2629 1858 2679 Quidquid
1888 2630 1962 2666 tale
1987 2630 2154 2680 applices
2185 2628 2358 2679 corpori,
2380 2641 2449 2666 ex..

364 2690 418 2726 dit
434 2718 443 2734 ,
464 2688 570 2738 quod
595 2687 661 2724 tibi
681 2694 938 2737 praeparatum
963 2694 1037 2732 est,
1067 2694 1105 2721 et
1131 2686 1190 2722 cui
1217 2694 1251 2722 te
1272 2699 1374 2735 prae-

365 2750 488 2798 parari
514 2756 679 2798 oportet.

420 2810 455 2844 3.
493 2812 582 2845 Haec
616 2820 706 2855 crgo
745 2805 1018 2856 1]1·aete1·niitto‚
1050 2818 1136 2854 quse
1170 2805 1208 2840 in
1245 2805 1373 2841 futuro

366 2867 533 2916 reposita
558 2874 646 2902 sunt
680 2865 746 2901 tibi
775 2880 782 2901 :
814 2865 1015 2915 praesentia
1036 2873 1180 2901 tantum
1215 2865 1372 2915 loquor,

365 2941 407 2964 ca
430 2928 569 2976 loquor
591 2939 675 2976 quae
697 2925 743 2961 de
763 2925 940 2974 primitiis
961 2925 1116 2974 spiritus
1134 2924 1211 2974 jam
1247 2934 1372 2973 tenes,

365 2988 493 3037 sponsi
513 2986 644 3032 xenia,
666 2986 795 3022 arrhas
812 2985 1070 3035 sponsalitias,
1090 2984 1375 3024 benedictiones

366 3047 598 3094 dulcedinis,
632 3047 668 3083 in
702 3046 840 3096 quibus
881 3055 914 3083 te
945 3047 1153 3096 praevenit,
1191 3061 1306 3096 quem
1339 3057 1375 3085 et

366 3108 680 3154 subsecuturum,
702 3116 814 3157 atque
833 3107 934 3157 quod
962 3106 1066 3144 deest
1094 3108 1373 3158 completurum

366 3177 573 3219 exspectas.
597 3168 686 3215 Ille,
712 3168 775 3204 ille
800 3168 838 3204 in
870 3167 1038 3204 medium
1068 3169 1195 3205 veniat
1225 3182 1375 3206 summo

1442 2690 1553 2739 ponit
1576 2690 1740 2739 speciem
1766 2703 1870 2726 suam
1888 2719 1897 2736 ,
1920 2703 1999 2726 non
2024 2689 2194 2740 deponit.
2221 2692 2357 2727 Secum
2381 2688 2450 2725 de-

1442 2751 1557 2799 nique
1587 2750 1709 2795 tollit,
1735 2763 1821 2786 cum
1849 2750 1996 2786 tollitur
2020 2750 2159 2800 ipsum.
2187 2753 2309 2787 Porro
2337 2748 2452 2786 decor
2492 2764 2521 2783 .·

1441 2810 1505 2859 qui
1527 2823 1612 2846 cum
1634 2819 1738 2846 veste
1767 2809 1959 2856 induitur,
1983 2819 2020 2847 et
2048 2823 2135 2847 cum
2159 2818 2264 2847 veste
2288 2808 2451 2860 deponi·
2490 2851 2493 2868 .=

1447 2878 1526 2915 tur,
1549 2870 1663 2906 vestis
1680 2870 1816 2919 procul
1845 2869 1964 2907 dubio
1980 2879 2057 2917 est,
2077 2883 2154 2907 non
2179 2870 2317 2907 vestiti.

1495 2932 1530 2967 5.
1549 2934 1604 2967 Tu
1623 2944 1712 2979 crgo
1734 2931 1813 2967 noli
1833 2932 2002 2968 aemulari
2022 2931 2062 2968 in
2085 2929 2397 2980 malignantibus,
2413 2936 2451 2966 et
2490 2927 2508 2953 ¹·

1442 2990 1748 3027 mendicantibus
1788 2991 2110 3041 pulchritudinem
2148 2990 2310 3027 alienam
2335 3018 2346 3036 ,
2386 2987 2453 3027 ubi

1443 3051 1680 3100 perdiderint
1701 3065 1820 3088 suam.
1846 3052 1983 3088 Nativo
2009 3052 2152 3101 quippe
2173 3060 2211 3088 et
2227 3052 2380 3089 interno
2410 3061 2449 3087 se

1442 3110 1613 3160 produnt
1645 3111 1784 3160 decore
1816 3111 1962 3158 nudas,
1997 3124 2082 3161 quae
2114 3119 2220 3148 tanto
2253 3110 2381 3148 studio
2415 3115 2452 3146 et

1443 3171 1566 3220 pretio
1590 3171 1636 3207 de
1661 3171 1822 3208 (liversis
1844 3180 1881 3208 et
1900 3172 2014 3208 variis
2034 3169 2234 3221 speciebus
2263 3170 2346 3220 ejus
2369 3181 2452 3219 quae

415 3304 422 3317 ¹
445 3296 564 3327 Coloss.
589 3307 647 3332 111,
666 3298 698 3326 li.
717 3314 759 3318 —-
778 3295 881 3326 ²1‘sal.
912 3307 1001 3332 xmx,
1026 3298 1076 3326 Η.
1099 3315 1137 3317 -
1162 3293 1174 3316 3
1201 3297 1281 3328 Psal.
1310 3308 1391 3334 cnr,
1426 3301 1452 3327 1.
1472 3315 1517 3319 —
1542 3297 1555 3322 ⁴¹
1577 3297 1656 3328 Psal.
1682 3308 1756 3334 xcv,
1787 3301 1819 3328 ὓ.
1844 3316 1887 3320 —
1912 3296 1925 3319 5
1950 3297 2046 3329 Eccli.
2063 3309 2155 3335 xwr,
2177 3301 2232 3328 26.
2255 3315 2300 3320 -—
2325 3294 2340 3317 ⁶
2370 3294 2449 3328 rsal.

364 3362 477 3387 xxxa,
502 3353 529 3380 1.

1387 3356 1400 3371 ³
1431 3353 1475 3381 lta
1491 3350 1693 3392 manuscripti
1711 3356 1739 3381 ct
1761 3350 1951 3392 antiquiores
1968 3351 2131 3382 editiones.
2147 3351 2234 3382 Alias
2246 3374 2253 3388 ‚
2275 3356 2451 3382 carnutum.
