<?xml version="1.0" encoding="UTF-8"?>
<!DOCTYPE html PUBLIC "-//W3C//DTD XHTML 1.0 Transitional//EN"
    "http://www.w3.org/TR/xhtml1/DTD/xhtml1-transitional.dtd">
<html xmlns="http://www.w3.org/1999/xhtml" xml:lang="en" lang="en">
 <head>
  <title>
</title>
<meta http-equiv="Content-Type" content="text/html;charset=utf-8" />
  <meta name='ocr-system' content='tesseract 3.04.00' />
  <meta name='ocr-capabilities' content='ocr_page ocr_carea ocr_par ocr_line ocrx_word'/>
</head>
<body>
  <div class='ocr_page' id='page_1' title='image "./operaomniapostho01bernuoft/operaomniapostho01bernuoft_0714.png"; bbox 0 0 2517 3920; ppageno 0'>
   <div class='ocr_carea' id='block_1_1' title="bbox 337 214 2412 258">
    <p class='ocr_par' dir='ltr' id='par_1_1' title="bbox 337 214 2412 258">
     <span class='ocr_line' id='line_1_1' title="bbox 337 214 2412 258; baseline -0.004 0"><span class='ocrx_word' id='word_1_1' title='bbox 337 219 431 258; x_wconf 80' lang='lat'>1411</span> <span class='ocrx_word' id='word_1_2' title='bbox 2315 214 2412 251; x_wconf 79' lang='lat'>1412</span> 
     </span>
    </p>
   </div>
   <div class='ocr_carea' id='block_1_2' title="bbox 328 291 2416 403">
    <p class='ocr_par' dir='ltr' id='par_1_2' title="bbox 328 291 2416 403">
     <span class='ocr_line' id='line_1_2' title="bbox 329 291 2415 349; baseline -0.004 -12"><span class='ocrx_word' id='word_1_3' title='bbox 329 301 431 338; x_wconf 84' lang='lat' dir='ltr'>unde</span> <span class='ocrx_word' id='word_1_4' title='bbox 445 298 515 336; x_wconf 86' lang='lat' dir='ltr'>sibi</span> <span class='ocrx_word' id='word_1_5' title='bbox 532 297 636 349; x_wconf 89' lang='lat' dir='ltr'>quod</span> <span class='ocrx_word' id='word_1_6' title='bbox 653 297 784 334; x_wconf 86' lang='lat' dir='ltr'>asserit</span> <span class='ocrx_word' id='word_1_7' title='bbox 801 296 1054 347; x_wconf 82' lang='lat' dir='ltr'><strong>persuaserit:</strong></span> <span class='ocrx_word' id='word_1_8' title='bbox 1077 309 1163 333; x_wconf 88' lang='lat' dir='ltr'>narn</span> <span class='ocrx_word' id='word_1_9' title='bbox 1183 308 1243 332; x_wconf 90' lang='lat' dir='ltr'>me</span> <span class='ocrx_word' id='word_1_10' title='bbox 1259 308 1337 332; x_wconf 92' lang='lat' dir='ltr'>non</span> <span class='ocrx_word' id='word_1_11' title='bbox 1411 294 1563 330; x_wconf 89' lang='lat' dir='ltr'>tandem</span> <span class='ocrx_word' id='word_1_12' title='bbox 1579 294 1693 330; x_wconf 88' lang='lat' dir='ltr'>infert</span> <span class='ocrx_word' id='word_1_13' title='bbox 1711 308 1719 331; x_wconf 72' lang='grc' dir='ltr'>ε</span> <span class='ocrx_word' id='word_1_14' title='bbox 1744 310 1758 325; x_wconf 93' lang='lat'>«</span> <span class='ocrx_word' id='word_1_15' title='bbox 1780 296 1833 329; x_wconf 84' lang='lat' dir='ltr'>Ex</span> <span class='ocrx_word' id='word_1_16' title='bbox 1857 292 1913 328; x_wconf 86' lang='lat' dir='ltr'>his</span> <span class='ocrx_word' id='word_1_17' title='bbox 1929 291 2147 342; x_wconf 80' lang='lat' dir='ltr'>collligitur,</span> <span class='ocrx_word' id='word_1_18' title='bbox 2164 311 2178 324; x_wconf 86' lang='lat'>»</span> <span class='ocrx_word' id='word_1_19' title='bbox 2196 292 2268 338; x_wconf 90' lang='lat' dir='ltr'>ait,</span> <span class='ocrx_word' id='word_1_20' title='bbox 2284 309 2297 325; x_wconf 86' lang='lat'>«</span> <span class='ocrx_word' id='word_1_21' title='bbox 2316 292 2415 329; x_wconf 89' lang='lat' dir='ltr'>invi-</span> 
     </span>
     <span class='ocr_line' id='line_1_3' title="bbox 328 351 2416 403; baseline -0.004 -5"><span class='ocrx_word' id='word_1_22' title='bbox 328 362 436 398; x_wconf 89' lang='lat' dir='ltr'>facile</span> <span class='ocrx_word' id='word_1_23' title='bbox 457 361 577 397; x_wconf 87' lang='lat' dir='ltr'>fateor</span> <span class='ocrx_word' id='word_1_24' title='bbox 604 359 786 396; x_wconf 86' lang='lat' dir='ltr'>assentire</span> <span class='ocrx_word' id='word_1_25' title='bbox 801 387 810 403; x_wconf 89' lang='lat'>‚</span> <span class='ocrx_word' id='word_1_26' title='bbox 834 358 864 395; x_wconf 93' lang='lat' dir='ltr'>si</span> <span class='ocrx_word' id='word_1_27' title='bbox 885 371 962 394; x_wconf 90' lang='lat' dir='ltr'>non</span> <span class='ocrx_word' id='word_1_28' title='bbox 984 358 1130 394; x_wconf 87' lang='lat' dir='ltr'>firmior</span> <span class='ocrx_word' id='word_1_29' title='bbox 1146 356 1340 394; x_wconf 80' lang='lat' dir='ltr'>induxerit</span> <span class='ocrx_word' id='word_1_30' title='bbox 1355 354 1387 388; x_wconf 83' lang='lat' dir='ltr'>A</span> <span class='ocrx_word' id='word_1_31' title='bbox 1409 372 1423 387; x_wconf 86' lang='lat'>»</span> <span class='ocrx_word' id='word_1_32' title='bbox 1453 353 1600 391; x_wconf 91' lang='lat' dir='ltr'>sibilem</span> <span class='ocrx_word' id='word_1_33' title='bbox 1636 353 1973 390; x_wconf 85' lang='lat' dir='ltr'>sanctificationem</span> <span class='ocrx_word' id='word_1_34' title='bbox 2000 351 2226 402; x_wconf 90' lang='lat' dir='ltr'>quibusdam</span> <span class='ocrx_word' id='word_1_35' title='bbox 2254 352 2416 390; x_wconf 85' lang='lat' dir='ltr'>adfuisse</span> 
     </span>
    </p>
   </div>
   <div class='ocr_carea' id='block_1_3' title="bbox 1099 217 1650 256">
    <p class='ocr_par' dir='ltr' id='par_1_3' title="bbox 1099 217 1650 256">
     <span class='ocr_line' id='line_1_4' title="bbox 1099 217 1650 256; baseline -0.007 0"><span class='ocrx_word' id='word_1_36' title='bbox 1099 220 1135 256; x_wconf 92' lang='lat' dir='ltr'>S.</span> <span class='ocrx_word' id='word_1_37' title='bbox 1165 219 1418 255; x_wconf 84' lang='lat' dir='ltr'>BERNARDI</span> <span class='ocrx_word' id='word_1_38' title='bbox 1447 217 1650 254; x_wconf 87' lang='lat' dir='ltr'>ABBA&#39;l&#39;IS</span> 
     </span>
    </p>
   </div>
   <div class='ocr_carea' id='block_1_4' title="bbox 1347 292 1396 310">
    <p class='ocr_par' dir='ltr' id='par_1_4' title="bbox 1347 292 1396 310">
     <span class='ocr_line' id='line_1_5' title="bbox 1347 292 1396 310; baseline 0 0"><span class='ocrx_word' id='word_1_39' title='bbox 1347 292 1396 310; x_wconf 76' lang='lat'>628</span> 
     </span>
    </p>
   </div>
   <div class='ocr_carea' id='block_1_5' title="bbox 329 416 1351 1073">
    <p class='ocr_par' dir='ltr' id='par_1_5' title="bbox 329 416 1341 519">
     <span class='ocr_line' id='line_1_6' title="bbox 329 416 1341 469; baseline -0.006 -11"><span class='ocrx_word' id='word_1_40' title='bbox 329 422 388 458; x_wconf 78' lang='lat' dir='ltr'>vel</span> <span class='ocrx_word' id='word_1_41' title='bbox 422 422 517 458; x_wconf 89' lang='lat' dir='ltr'>ratio</span> <span class='ocrx_word' id='word_1_42' title='bbox 538 420 586 457; x_wconf 90' lang='lat' dir='ltr'>ad</span> <span class='ocrx_word' id='word_1_43' title='bbox 605 418 894 469; x_wconf 86' lang='lat' dir='ltr'>intelligendum</span> <span class='ocrx_word' id='word_1_44' title='bbox 908 446 918 464; x_wconf 92' lang='lat'>,</span> <span class='ocrx_word' id='word_1_45' title='bbox 949 418 1008 454; x_wconf 82' lang='lat' dir='ltr'>vel</span> <span class='ocrx_word' id='word_1_46' title='bbox 1039 417 1086 454; x_wconf 93' lang='lat' dir='ltr'>ad</span> <span class='ocrx_word' id='word_1_47' title='bbox 1108 416 1341 454; x_wconf 90' lang='lat' dir='ltr'>credendum</span> 
     </span>
     <span class='ocr_line' id='line_1_7' title="bbox 331 483 549 519; baseline -0.005 0"><span class='ocrx_word' id='word_1_48' title='bbox 331 483 549 519; x_wconf 82' lang='lat' dir='ltr'>auctoritas.</span> 
     </span>
    </p>

    <p class='ocr_par' dir='ltr' id='par_1_6' title="bbox 332 536 1351 1073">
     <span class='ocr_line' id='line_1_8' title="bbox 389 536 1343 582; baseline -0.008 -2"><span class='ocrx_word' id='word_1_49' title='bbox 389 544 424 580; x_wconf 89' lang='lat'>7.</span> <span class='ocrx_word' id='word_1_50' title='bbox 447 542 520 579; x_wconf 85' lang='lat' dir='ltr'>Sed</span> <span class='ocrx_word' id='word_1_51' title='bbox 538 542 657 578; x_wconf 89' lang='lat' dir='ltr'>miror</span> <span class='ocrx_word' id='word_1_52' title='bbox 673 538 902 582; x_wconf 85' lang='lat' dir='ltr'>admodum,</span> <span class='ocrx_word' id='word_1_53' title='bbox 928 538 958 574; x_wconf 90' lang='lat' dir='ltr'>si</span> <span class='ocrx_word' id='word_1_54' title='bbox 982 550 1105 574; x_wconf 80' lang='lat' dir='ltr'>novus</span> <span class='ocrx_word' id='word_1_55' title='bbox 1130 536 1199 573; x_wconf 90' lang='lat' dir='ltr'>istc</span> <span class='ocrx_word' id='word_1_56' title='bbox 1221 549 1343 573; x_wconf 77' lang='lat' dir='ltr'>nova—</span> 
     </span>
     <span class='ocr_line' id='line_1_9' title="bbox 333 596 1343 644; baseline -0.008 -4"><span class='ocrx_word' id='word_1_57' title='bbox 333 617 418 640; x_wconf 88' lang='lat' dir='ltr'>rum</span> <span class='ocrx_word' id='word_1_58' title='bbox 446 603 626 639; x_wconf 77' lang='lat' dir='ltr'>inventor</span> <span class='ocrx_word' id='word_1_59' title='bbox 655 600 907 638; x_wconf 81' lang='lat' dir='ltr'>assertionum</span> <span class='ocrx_word' id='word_1_60' title='bbox 922 627 931 644; x_wconf 96' lang='lat'>,</span> <span class='ocrx_word' id='word_1_61' title='bbox 953 606 991 634; x_wconf 89' lang='lat' dir='ltr'>et</span> <span class='ocrx_word' id='word_1_62' title='bbox 1021 605 1185 634; x_wconf 79' lang='lat' dir='ltr'>assertor</span> <span class='ocrx_word' id='word_1_63' title='bbox 1206 596 1343 633; x_wconf 75' lang='lat' dir='ltr'>inven—</span> 
     </span>
     <span class='ocr_line' id='line_1_10' title="bbox 332 658 1341 709; baseline -0.008 -8"><span class='ocrx_word' id='word_1_64' title='bbox 332 664 498 709; x_wconf 86' lang='lat' dir='ltr'>tionum,</span> <span class='ocrx_word' id='word_1_65' title='bbox 516 662 690 699; x_wconf 78' lang='lat' dir='ltr'>invenire</span> <span class='ocrx_word' id='word_1_66' title='bbox 703 661 742 697; x_wconf 94' lang='lat' dir='ltr'>in</span> <span class='ocrx_word' id='word_1_67' title='bbox 761 659 832 696; x_wconf 89' lang='lat' dir='ltr'>hoc</span> <span class='ocrx_word' id='word_1_68' title='bbox 847 659 1031 695; x_wconf 88' lang='lat' dir='ltr'>rationem</span> <span class='ocrx_word' id='word_1_69' title='bbox 1051 658 1237 708; x_wconf 90' lang='lat' dir='ltr'>potuerit,</span> <span class='ocrx_word' id='word_1_70' title='bbox 1256 670 1341 707; x_wconf 85' lang='lat' dir='ltr'>quae</span> 
     </span>
     <span class='ocr_line' id='line_1_11' title="bbox 332 717 1342 767; baseline -0.008 -6"><span class='ocrx_word' id='word_1_71' title='bbox 332 732 483 761; x_wconf 86' lang='lat' dir='ltr'>sanctos</span> <span class='ocrx_word' id='word_1_72' title='bbox 508 727 637 760; x_wconf 88' lang='lat' dir='ltr'>Patres</span> <span class='ocrx_word' id='word_1_73' title='bbox 660 720 813 757; x_wconf 88' lang='lat' dir='ltr'>latuerit</span> <span class='ocrx_word' id='word_1_74' title='bbox 838 717 1083 755; x_wconf 85' lang='lat' dir='ltr'>Ambrosium</span> <span class='ocrx_word' id='word_1_75' title='bbox 1101 726 1137 755; x_wconf 91' lang='lat' dir='ltr'>et</span> <span class='ocrx_word' id='word_1_76' title='bbox 1161 717 1342 767; x_wconf 81' lang='lat' dir='ltr'>Augusti-</span> 
     </span>
     <span class='ocr_line' id='line_1_12' title="bbox 336 777 1345 829; baseline -0.008 -8"><span class='ocrx_word' id='word_1_77' title='bbox 336 797 449 829; x_wconf 89' lang='lat' dir='ltr'>num,</span> <span class='ocrx_word' id='word_1_78' title='bbox 481 783 559 819; x_wconf 79' lang='lat' dir='ltr'>sive</span> <span class='ocrx_word' id='word_1_79' title='bbox 585 780 847 818; x_wconf 88' lang='lat' dir='ltr'>auctoritatem</span> <span class='ocrx_word' id='word_1_80' title='bbox 869 777 1094 815; x_wconf 89' lang='lat' dir='ltr'>eorumdem</span> <span class='ocrx_word' id='word_1_81' title='bbox 1121 778 1345 814; x_wconf 87' lang='lat' dir='ltr'>auctoritate</span> 
     </span>
     <span class='ocr_line' id='line_1_13' title="bbox 336 838 1346 896; baseline -0.009 -14"><span class='ocrx_word' id='word_1_82' title='bbox 336 845 539 896; x_wconf 88' lang='lat' dir='ltr'>potiorem.</span> <span class='ocrx_word' id='word_1_83' title='bbox 558 847 651 880; x_wconf 64' lang='lat' dir='ltr'>Nam</span> <span class='ocrx_word' id='word_1_84' title='bbox 667 842 697 878; x_wconf 92' lang='lat' dir='ltr'>si</span> <span class='ocrx_word' id='word_1_85' title='bbox 716 840 853 884; x_wconf 87' lang='lat' dir='ltr'>nescit,</span> <span class='ocrx_word' id='word_1_86' title='bbox 873 847 1035 888; x_wconf 88' lang='lat' dir='ltr'>uterque</span> <span class='ocrx_word' id='word_1_87' title='bbox 1053 838 1151 874; x_wconf 90' lang='lat' dir='ltr'>idem</span> <span class='ocrx_word' id='word_1_88' title='bbox 1174 838 1346 888; x_wconf 87' lang='lat' dir='ltr'>profecto</span> 
     </span>
     <span class='ocr_line' id='line_1_14' title="bbox 338 898 1346 952; baseline -0.009 -9"><span class='ocrx_word' id='word_1_89' title='bbox 338 906 475 951; x_wconf 89' lang='lat' dir='ltr'>sensit,</span> <span class='ocrx_word' id='word_1_90' title='bbox 506 902 611 952; x_wconf 92' lang='lat' dir='ltr'>quod</span> <span class='ocrx_word' id='word_1_91' title='bbox 639 902 802 938; x_wconf 89' lang='lat' dir='ltr'>fatemur</span> <span class='ocrx_word' id='word_1_92' title='bbox 833 899 974 936; x_wconf 87' lang='lat' dir='ltr'>sentire</span> <span class='ocrx_word' id='word_1_93' title='bbox 1007 906 1045 934; x_wconf 90' lang='lat' dir='ltr'>et</span> <span class='ocrx_word' id='word_1_94' title='bbox 1071 911 1154 935; x_wconf 90' lang='lat' dir='ltr'>nos.</span> <span class='ocrx_word' id='word_1_95' title='bbox 1189 898 1346 935; x_wconf 91' lang='lat' dir='ltr'>Librum</span> 
     </span>
     <span class='ocr_line' id='line_1_15' title="bbox 338 958 1349 1008; baseline -0.008 -5"><span class='ocrx_word' id='word_1_96' title='bbox 338 974 439 1003; x_wconf 90' lang='lat' dir='ltr'>certe</span> <span class='ocrx_word' id='word_1_97' title='bbox 459 962 651 1002; x_wconf 81' lang='lat' dir='ltr'>Ambrosii</span> <span class='ocrx_word' id='word_1_98' title='bbox 681 960 727 997; x_wconf 90' lang='lat' dir='ltr'>de</span> <span class='ocrx_word' id='word_1_99' title='bbox 748 968 871 996; x_wconf 90' lang='lat' dir='ltr'>morte</span> <span class='ocrx_word' id='word_1_100' title='bbox 889 959 1144 997; x_wconf 80' lang='lat' dir='ltr'>Valentiniani</span> <span class='ocrx_word' id='word_1_101' title='bbox 1171 958 1300 1008; x_wconf 78' lang='lat' dir='ltr'>legat*</span> <span class='ocrx_word' id='word_1_102' title='bbox 1320 959 1349 995; x_wconf 88' lang='lat' dir='ltr'>si</span> 
     </span>
     <span class='ocr_line' id='line_1_16' title="bbox 338 1019 1351 1073; baseline -0.007 -11"><span class='ocrx_word' id='word_1_103' title='bbox 338 1039 417 1062; x_wconf 88' lang='lat' dir='ltr'>non</span> <span class='ocrx_word' id='word_1_104' title='bbox 445 1024 552 1073; x_wconf 81' lang='lat' dir='ltr'>legit3</span> <span class='ocrx_word' id='word_1_105' title='bbox 579 1021 721 1058; x_wconf 88' lang='lat' dir='ltr'>recolat</span> <span class='ocrx_word' id='word_1_106' title='bbox 747 1020 777 1057; x_wconf 90' lang='lat' dir='ltr'>si</span> <span class='ocrx_word' id='word_1_107' title='bbox 799 1019 878 1069; x_wconf 87' lang='lat' dir='ltr'>jam</span> <span class='ocrx_word' id='word_1_108' title='bbox 905 1020 1017 1069; x_wconf 78' lang='lat' dir='ltr'>legit3</span> <span class='ocrx_word' id='word_1_109' title='bbox 1039 1033 1117 1056; x_wconf 91' lang='lat' dir='ltr'>non</span> <span class='ocrx_word' id='word_1_110' title='bbox 1141 1019 1351 1056; x_wconf 84' lang='lat' dir='ltr'>dissimulet</span> 
     </span>
    </p>
   </div>
   <div class='ocr_carea' id='block_1_6' title="bbox 1411 413 2425 1066">
    <p class='ocr_par' dir='ltr' id='par_1_7' title="bbox 1411 413 2424 1007">
     <span class='ocr_line' id='line_1_17' title="bbox 1411 413 2418 464; baseline -0.001 -13"><span class='ocrx_word' id='word_1_111' title='bbox 1411 433 1425 448; x_wconf 90' lang='lat'>»</span> <span class='ocrx_word' id='word_1_112' title='bbox 1455 423 1492 451; x_wconf 89' lang='lat' dir='ltr'>et</span> <span class='ocrx_word' id='word_1_113' title='bbox 1508 414 1696 464; x_wconf 80' lang='lat' dir='ltr'>profuisse</span> <span class='ocrx_word' id='word_1_114' title='bbox 1717 414 1796 451; x_wconf 87' lang='lat' dir='ltr'>sine</span> <span class='ocrx_word' id='word_1_115' title='bbox 1815 413 2028 450; x_wconf 85' lang='lat' dir='ltr'>visibilibus</span> <span class='ocrx_word' id='word_1_116' title='bbox 2048 413 2314 458; x_wconf 83' lang='lat' dir='ltr'>sacramentis,</span> <span class='ocrx_word' id='word_1_117' title='bbox 2332 426 2418 463; x_wconf 86' lang='lat' dir='ltr'>quae</span> 
     </span>
     <span class='ocr_line' id='line_1_18' title="bbox 1411 473 2419 525; baseline -0.002 -14"><span class='ocrx_word' id='word_1_118' title='bbox 1411 493 1426 508; x_wconf 88' lang='lat'>»</span> <span class='ocrx_word' id='word_1_119' title='bbox 1454 488 1527 525; x_wconf 87' lang='lat' dir='ltr'>pro</span> <span class='ocrx_word' id='word_1_120' title='bbox 1541 483 1758 524; x_wconf 88' lang='lat' dir='ltr'>temporum</span> <span class='ocrx_word' id='word_1_121' title='bbox 1776 473 1994 510; x_wconf 86' lang='lat' dir='ltr'>diversitate</span> <span class='ocrx_word' id='word_1_122' title='bbox 2009 481 2152 520; x_wconf 86' lang='lat' dir='ltr'>mutata</span> <span class='ocrx_word' id='word_1_123' title='bbox 2167 481 2277 519; x_wconf 86' lang='lat' dir='ltr'>sunt,</span> <span class='ocrx_word' id='word_1_124' title='bbox 2293 480 2334 509; x_wconf 90' lang='lat' dir='ltr'>ut</span> <span class='ocrx_word' id='word_1_125' title='bbox 2348 473 2419 509; x_wconf 89' lang='lat' dir='ltr'>alia</span> 
     </span>
     <span class='ocr_line' id='line_1_19' title="bbox 1412 525 2418 584; baseline 0.001 -16"><span class='ocrx_word' id='word_1_126' title='bbox 1412 554 1426 568; x_wconf 82' lang='grc'><em>»</em></span> <span class='ocrx_word' id='word_1_127' title='bbox 1457 543 1546 571; x_wconf 90' lang='lat' dir='ltr'>tunc</span> <span class='ocrx_word' id='word_1_128' title='bbox 1573 535 1740 580; x_wconf 83' lang='lat' dir='ltr'>fuerint,</span> <span class='ocrx_word' id='word_1_129' title='bbox 1775 542 1811 570; x_wconf 88' lang='lat' dir='ltr'>et</span> <span class='ocrx_word' id='word_1_130' title='bbox 1840 534 1912 570; x_wconf 90' lang='lat' dir='ltr'>alia</span> <span class='ocrx_word' id='word_1_131' title='bbox 1940 525 2056 570; x_wconf 83' lang='lat' dir='ltr'>modo</span> <span class='ocrx_word' id='word_1_132' title='bbox 2087 534 2173 570; x_wconf 89' lang='lat' dir='ltr'>sint.</span> <span class='ocrx_word' id='word_1_133' title='bbox 2204 552 2217 566; x_wconf 89' lang='lat'>»</span> <span class='ocrx_word' id='word_1_134' title='bbox 2238 536 2284 570; x_wconf 89' lang='lat' dir='ltr'>Et</span> <span class='ocrx_word' id='word_1_135' title='bbox 2304 533 2418 584; x_wconf 87' lang='lat' dir='ltr'>paulo</span> 
     </span>
     <span class='ocr_line' id='line_1_20' title="bbox 1411 592 2419 645; baseline -0.002 -14"><span class='ocrx_word' id='word_1_136' title='bbox 1411 603 1499 645; x_wconf 83' lang='lat' dir='ltr'>post</span> <span class='ocrx_word' id='word_1_137' title='bbox 1521 610 1529 632; x_wconf 92' lang='grc'>;</span> <span class='ocrx_word' id='word_1_138' title='bbox 1550 611 1564 627; x_wconf 87' lang='lat'><em>«</em></span> <span class='ocrx_word' id='word_1_139' title='bbox 1585 598 1662 632; x_wconf 66' lang='lat' dir='ltr'>&#39;Nec</span> <span class='ocrx_word' id='word_1_140' title='bbox 1684 603 1810 631; x_wconf 89' lang='lat' dir='ltr'>tamen</span> <span class='ocrx_word' id='word_1_141' title='bbox 1825 623 1835 640; x_wconf 91' lang='lat'>,</span> <span class='ocrx_word' id='word_1_142' title='bbox 1859 610 1873 625; x_wconf 89' lang='lat'>»</span> <span class='ocrx_word' id='word_1_143' title='bbox 1894 593 2042 642; x_wconf 91' lang='lat' dir='ltr'>inquit,</span> <span class='ocrx_word' id='word_1_144' title='bbox 2071 609 2084 624; x_wconf 74' lang='grc' dir='ltr'>α</span> <span class='ocrx_word' id='word_1_145' title='bbox 2112 592 2262 629; x_wconf 83' lang='lat' dir='ltr'>visibile</span> <span class='ocrx_word' id='word_1_146' title='bbox 2293 605 2419 629; x_wconf 88' lang='lat' dir='ltr'>sacra-</span> 
     </span>
     <span class='ocr_line' id='line_1_21' title="bbox 1411 653 2421 692; baseline 0 -2"><span class='ocrx_word' id='word_1_147' title='bbox 1411 674 1425 690; x_wconf 88' lang='lat'>»</span> <span class='ocrx_word' id='word_1_148' title='bbox 1455 664 1625 692; x_wconf 89' lang='lat' dir='ltr'>mentum</span> <span class='ocrx_word' id='word_1_149' title='bbox 1647 655 1804 692; x_wconf 90' lang='lat' dir='ltr'>omnino</span> <span class='ocrx_word' id='word_1_150' title='bbox 1832 653 2156 691; x_wconf 85' lang='lat' dir='ltr'>contemnendum</span> <span class='ocrx_word' id='word_1_151' title='bbox 2180 668 2188 690; x_wconf 90' lang='lat'>:</span> <span class='ocrx_word' id='word_1_152' title='bbox 2211 666 2299 690; x_wconf 87' lang='lat' dir='ltr'>nam</span> <span class='ocrx_word' id='word_1_153' title='bbox 2326 666 2421 690; x_wconf 88' lang='lat' dir='ltr'>con-</span> 
     </span>
     <span class='ocr_line' id='line_1_22' title="bbox 1411 713 2423 766; baseline -0.004 -13"><span class='ocrx_word' id='word_1_154' title='bbox 1411 734 1425 749; x_wconf 92' lang='lat'>»</span> <span class='ocrx_word' id='word_1_155' title='bbox 1454 724 1623 766; x_wconf 90' lang='lat' dir='ltr'>temptor</span> <span class='ocrx_word' id='word_1_156' title='bbox 1641 715 1723 765; x_wconf 87' lang='lat' dir='ltr'>ejus</span> <span class='ocrx_word' id='word_1_157' title='bbox 1747 714 1986 752; x_wconf 76' lang='lat' dir='ltr'>invisibiliter</span> <span class='ocrx_word' id='word_1_158' title='bbox 2010 713 2237 751; x_wconf 88' lang='lat' dir='ltr'>sanctificari</span> <span class='ocrx_word' id='word_1_159' title='bbox 2256 726 2335 750; x_wconf 90' lang='lat' dir='ltr'>non</span> <span class='ocrx_word' id='word_1_160' title='bbox 2351 726 2423 763; x_wconf 90' lang='lat' dir='ltr'>po-</span> 
     </span>
     <span class='ocr_line' id='line_1_23' title="bbox 1415 773 2421 821; baseline -0.003 -8"><span class='ocrx_word' id='word_1_161' title='bbox 1415 794 1429 808; x_wconf 89' lang='lat'>»</span> <span class='ocrx_word' id='word_1_162' title='bbox 1458 775 1568 813; x_wconf 61' lang='lat' dir='ltr'>testss.</span> <span class='ocrx_word' id='word_1_163' title='bbox 1586 775 1690 813; x_wconf 81' lang='lat' dir='ltr'>»Ubi</span> <span class='ocrx_word' id='word_1_164' title='bbox 1719 776 1807 812; x_wconf 87' lang='lat' dir='ltr'>satis</span> <span class='ocrx_word' id='word_1_165' title='bbox 1837 774 2035 811; x_wconf 81' lang='lat' dir='ltr'>evidenter</span> <span class='ocrx_word' id='word_1_166' title='bbox 2064 773 2249 821; x_wconf 85' lang='lat' dir='ltr'>ostendit,</span> <span class='ocrx_word' id='word_1_167' title='bbox 2273 773 2421 811; x_wconf 86' lang='lat' dir='ltr'>fidelem</span> 
     </span>
     <span class='ocr_line' id='line_1_24' title="bbox 1414 834 2422 885; baseline -0.002 -12"><span class='ocrx_word' id='word_1_168' title='bbox 1414 845 1451 873; x_wconf 88' lang='lat' dir='ltr'>et</span> <span class='ocrx_word' id='word_1_169' title='bbox 1471 849 1700 873; x_wconf 84' lang='lat' dir='ltr'>conversum</span> <span class='ocrx_word' id='word_1_170' title='bbox 1720 836 1768 872; x_wconf 88' lang='lat' dir='ltr'>ad</span> <span class='ocrx_word' id='word_1_171' title='bbox 1788 835 2013 881; x_wconf 86' lang='lat' dir='ltr'>Dominum,</span> <span class='ocrx_word' id='word_1_172' title='bbox 2034 848 2113 871; x_wconf 91' lang='lat' dir='ltr'>non</span> <span class='ocrx_word' id='word_1_173' title='bbox 2135 835 2164 872; x_wconf 92' lang='lat' dir='ltr'>si</span> <span class='ocrx_word' id='word_1_174' title='bbox 2186 834 2422 885; x_wconf 83' lang='lat' dir='ltr'>nequiverit,</span> 
     </span>
     <span class='ocr_line' id='line_1_25' title="bbox 1416 895 2424 946; baseline 0 -14"><span class='ocrx_word' id='word_1_175' title='bbox 1416 896 1482 933; x_wconf 88' lang='lat' dir='ltr'>sed</span> <span class='ocrx_word' id='word_1_176' title='bbox 1515 896 1544 932; x_wconf 93' lang='lat' dir='ltr'>si</span> <span class='ocrx_word' id='word_1_177' title='bbox 1573 897 1845 946; x_wconf 86' lang='lat' dir='ltr'>contempserit</span> <span class='ocrx_word' id='word_1_178' title='bbox 1877 895 2084 946; x_wconf 89' lang='lat' dir='ltr'>baptizari,</span> <span class='ocrx_word' id='word_1_179' title='bbox 2115 895 2241 933; x_wconf 89' lang='lat' dir='ltr'>fructu</span> <span class='ocrx_word' id='word_1_180' title='bbox 2280 895 2424 946; x_wconf 87' lang='lat' dir='ltr'>privari</span> 
     </span>
     <span class='ocr_line' id='line_1_26' title="bbox 1415 956 1668 1007; baseline -0.008 -13"><span class='ocrx_word' id='word_1_181' title='bbox 1415 956 1668 1007; x_wconf 89' lang='lat' dir='ltr'>Baptismatis.</span> 
     </span>
    </p>

    <p class='ocr_par' dir='ltr' id='par_1_8' title="bbox 1471 1015 2425 1066">
     <span class='ocr_line' id='line_1_27' title="bbox 1471 1015 2425 1066; baseline -0.001 -12"><span class='ocrx_word' id='word_1_182' title='bbox 1471 1019 1505 1054; x_wconf 88' lang='lat'>8.</span> <span class='ocrx_word' id='word_1_183' title='bbox 1528 1016 1587 1054; x_wconf 84' lang='lat' dir='ltr'>Ab</span> <span class='ocrx_word' id='word_1_184' title='bbox 1602 1017 1658 1054; x_wconf 90' lang='lat' dir='ltr'>his</span> <span class='ocrx_word' id='word_1_185' title='bbox 1672 1030 1763 1066; x_wconf 84' lang='lat' dir='ltr'>ergo</span> <span class='ocrx_word' id='word_1_186' title='bbox 1780 1015 1928 1053; x_wconf 85' lang='lat' dir='ltr'>duabus</span> <span class='ocrx_word' id='word_1_187' title='bbox 1944 1016 2151 1063; x_wconf 85' lang='lat' dir='ltr'>columnis,</span> <span class='ocrx_word' id='word_1_188' title='bbox 2170 1016 2425 1066; x_wconf 84' lang='lat' dir='ltr'>Augustinum</span> 
     </span>
    </p>
   </div>
   <div class='ocr_carea' id='block_1_7' title="bbox 339 1077 2429 1129">
    <p class='ocr_par' dir='ltr' id='par_1_9' title="bbox 339 1077 2429 1129">
     <span class='ocr_line' id='line_1_28' title="bbox 339 1077 2429 1129; baseline -0.003 -8"><span class='ocrx_word' id='word_1_189' title='bbox 339 1086 370 1122; x_wconf 89' lang='lat' dir='ltr'>si</span> <span class='ocrx_word' id='word_1_190' title='bbox 390 1084 522 1121; x_wconf 88' lang='lat' dir='ltr'>recolit</span> <span class='ocrx_word' id='word_1_191' title='bbox 543 1098 550 1119; x_wconf 75' lang='grc' dir='ltr'>ε</span> <span class='ocrx_word' id='word_1_192' title='bbox 573 1090 611 1118; x_wconf 90' lang='lat' dir='ltr'>et</span> <span class='ocrx_word' id='word_1_193' title='bbox 630 1081 803 1118; x_wconf 81' lang='lat' dir='ltr'>advertet</span> <span class='ocrx_word' id='word_1_194' title='bbox 823 1081 903 1117; x_wconf 91' lang='lat' dir='ltr'>sine</span> <span class='ocrx_word' id='word_1_195' title='bbox 923 1079 1063 1126; x_wconf 87' lang='lat' dir='ltr'>dubio,</span> <span class='ocrx_word' id='word_1_196' title='bbox 1083 1083 1262 1117; x_wconf 88' lang='lat' dir='ltr'>Sanctum</span> <span class='ocrx_word' id='word_1_197' title='bbox 1282 1080 1350 1116; x_wconf 84' lang='lat' dir='ltr'>ho-</span> <span class='ocrx_word' id='word_1_198' title='bbox 1368 1082 1395 1116; x_wconf 89' lang='lat' dir='ltr'>B</span> <span class='ocrx_word' id='word_1_199' title='bbox 1414 1079 1554 1129; x_wconf 87' lang='lat' dir='ltr'>loquor</span> <span class='ocrx_word' id='word_1_200' title='bbox 1569 1086 1606 1115; x_wconf 91' lang='lat' dir='ltr'>et</span> <span class='ocrx_word' id='word_1_201' title='bbox 1623 1077 1888 1124; x_wconf 86' lang='lat' dir='ltr'>Ambrosium,</span> <span class='ocrx_word' id='word_1_202' title='bbox 1906 1077 2018 1114; x_wconf 91' lang='lat' dir='ltr'>crede</span> <span class='ocrx_word' id='word_1_203' title='bbox 2032 1077 2145 1124; x_wconf 89' lang='lat' dir='ltr'>mihi,</span> <span class='ocrx_word' id='word_1_204' title='bbox 2161 1077 2314 1115; x_wconf 88' lang='lat' dir='ltr'>difficile</span> <span class='ocrx_word' id='word_1_205' title='bbox 2330 1078 2429 1115; x_wconf 89' lang='lat' dir='ltr'>avel-</span> 
     </span>
    </p>
   </div>
   <div class='ocr_carea' id='block_1_8' title="bbox 341 1140 1356 1856">
    <p class='ocr_par' dir='ltr' id='par_1_10' title="bbox 341 1140 1356 1856">
     <span class='ocr_line' id='line_1_29' title="bbox 342 1140 1350 1193; baseline -0.006 -11"><span class='ocrx_word' id='word_1_206' title='bbox 342 1145 436 1182; x_wconf 89' lang='lat' dir='ltr'>mini</span> <span class='ocrx_word' id='word_1_207' title='bbox 459 1156 537 1180; x_wconf 87' lang='lat' dir='ltr'>non</span> <span class='ocrx_word' id='word_1_208' title='bbox 562 1142 754 1193; x_wconf 85' lang='lat' dir='ltr'>baptizato</span> <span class='ocrx_word' id='word_1_209' title='bbox 771 1149 809 1177; x_wconf 90' lang='lat' dir='ltr'>et</span> <span class='ocrx_word' id='word_1_210' title='bbox 825 1149 980 1177; x_wconf 89' lang='lat' dir='ltr'>mortuo</span> <span class='ocrx_word' id='word_1_211' title='bbox 1006 1140 1168 1177; x_wconf 89' lang='lat' dir='ltr'>fidenter</span> <span class='ocrx_word' id='word_1_212' title='bbox 1194 1140 1241 1177; x_wconf 90' lang='lat' dir='ltr'>de</span> <span class='ocrx_word' id='word_1_213' title='bbox 1270 1140 1350 1177; x_wconf 88' lang='lat' dir='ltr'>sola</span> 
     </span>
     <span class='ocr_line' id='line_1_30' title="bbox 341 1200 1351 1253; baseline -0.006 -10"><span class='ocrx_word' id='word_1_214' title='bbox 341 1206 415 1243; x_wconf 86' lang='lat' dir='ltr'>fide</span> <span class='ocrx_word' id='word_1_215' title='bbox 432 1205 592 1243; x_wconf 89' lang='lat' dir='ltr'>salutem</span> <span class='ocrx_word' id='word_1_216' title='bbox 614 1215 867 1253; x_wconf 62' lang='lat' dir='ltr'>praesumere,</span> <span class='ocrx_word' id='word_1_217' title='bbox 887 1210 925 1238; x_wconf 92' lang='lat' dir='ltr'>et</span> <span class='ocrx_word' id='word_1_218' title='bbox 943 1201 1111 1238; x_wconf 89' lang='lat' dir='ltr'>tribuere</span> <span class='ocrx_word' id='word_1_219' title='bbox 1127 1200 1351 1238; x_wconf 89' lang='lat' dir='ltr'>indubitan-</span> 
     </span>
     <span class='ocr_line' id='line_1_31' title="bbox 343 1261 1350 1312; baseline -0.006 -9"><span class='ocrx_word' id='word_1_220' title='bbox 343 1275 400 1303; x_wconf 91' lang='lat' dir='ltr'>ter</span> <span class='ocrx_word' id='word_1_221' title='bbox 419 1265 531 1302; x_wconf 90' lang='lat' dir='ltr'>bonae</span> <span class='ocrx_word' id='word_1_222' title='bbox 551 1262 762 1308; x_wconf 85' lang='lat' dir='ltr'>voluntati,</span> <span class='ocrx_word' id='word_1_223' title='bbox 784 1261 889 1312; x_wconf 89' lang='lat' dir='ltr'>quod</span> <span class='ocrx_word' id='word_1_224' title='bbox 911 1261 1031 1298; x_wconf 86' lang='lat' dir='ltr'>defuit</span> <span class='ocrx_word' id='word_1_225' title='bbox 1051 1261 1220 1298; x_wconf 79' lang='lat' dir='ltr'>facultati</span> <span class='ocrx_word' id='word_1_226' title='bbox 1235 1268 1258 1298; x_wconf 85' lang='lat'>¹.</span> <span class='ocrx_word' id='word_1_227' title='bbox 1279 1265 1350 1299; x_wconf 88' lang='lat' dir='ltr'>Le-</span> 
     </span>
     <span class='ocr_line' id='line_1_32' title="bbox 341 1320 1349 1376; baseline -0.006 -12"><span class='ocrx_word' id='word_1_228' title='bbox 341 1335 405 1376; x_wconf 83' lang='lat' dir='ltr'>gat</span> <span class='ocrx_word' id='word_1_229' title='bbox 437 1334 475 1363; x_wconf 91' lang='lat' dir='ltr'>et</span> <span class='ocrx_word' id='word_1_230' title='bbox 508 1323 708 1374; x_wconf 83' lang='lat' dir='ltr'>Augustini</span> <span class='ocrx_word' id='word_1_231' title='bbox 749 1322 796 1359; x_wconf 88' lang='lat' dir='ltr'>de</span> <span class='ocrx_word' id='word_1_232' title='bbox 831 1322 946 1358; x_wconf 88' lang='lat' dir='ltr'>unico</span> <span class='ocrx_word' id='word_1_233' title='bbox 979 1322 1173 1372; x_wconf 89' lang='lat' dir='ltr'>Baptismo</span> <span class='ocrx_word' id='word_1_234' title='bbox 1211 1320 1349 1358; x_wconf 89' lang='lat' dir='ltr'>librum</span> 
     </span>
     <span class='ocr_line' id='line_1_33' title="bbox 342 1382 1352 1437; baseline -0.005 -13"><span class='ocrx_word' id='word_1_235' title='bbox 342 1395 519 1437; x_wconf 88' lang='lat' dir='ltr'>quartum</span> <span class='ocrx_word' id='word_1_236' title='bbox 543 1400 551 1422; x_wconf 90' lang='lat'>:</span> <span class='ocrx_word' id='word_1_237' title='bbox 579 1393 616 1422; x_wconf 90' lang='lat' dir='ltr'>et</span> <span class='ocrx_word' id='word_1_238' title='bbox 643 1398 682 1421; x_wconf 90' lang='lat' dir='ltr'>se</span> <span class='ocrx_word' id='word_1_239' title='bbox 703 1383 761 1420; x_wconf 81' lang='lat' dir='ltr'>vel</span> <span class='ocrx_word' id='word_1_240' title='bbox 788 1391 969 1433; x_wconf 86' lang='lat' dir='ltr'>agnoscat</span> <span class='ocrx_word' id='word_1_241' title='bbox 995 1382 1261 1434; x_wconf 86' lang='lat' dir='ltr'>imprudenter</span> <span class='ocrx_word' id='word_1_242' title='bbox 1286 1383 1352 1420; x_wconf 86' lang='lat' dir='ltr'>(le-</span> 
     </span>
     <span class='ocr_line' id='line_1_34' title="bbox 344 1442 1350 1497; baseline -0.005 -13"><span class='ocrx_word' id='word_1_243' title='bbox 344 1455 497 1497; x_wconf 89' lang='lat' dir='ltr'>ceptum</span> <span class='ocrx_word' id='word_1_244' title='bbox 519 1475 528 1491; x_wconf 95' lang='lat'>,</span> <span class='ocrx_word' id='word_1_245' title='bbox 564 1445 624 1481; x_wconf 81' lang='lat' dir='ltr'>vel</span> <span class='ocrx_word' id='word_1_246' title='bbox 654 1442 794 1494; x_wconf 90' lang='lat' dir='ltr'>probet</span> <span class='ocrx_word' id='word_1_247' title='bbox 825 1442 1071 1493; x_wconf 91' lang='lat' dir='ltr'>impudenter</span> <span class='ocrx_word' id='word_1_248' title='bbox 1104 1442 1350 1480; x_wconf 88' lang='lat' dir='ltr'>obstinatum.</span> 
     </span>
     <span class='ocr_line' id='line_1_35' title="bbox 345 1501 1355 1556; baseline -0.005 -12"><span class='ocrx_word' id='word_1_249' title='bbox 345 1524 360 1539; x_wconf 83' lang='lat'>«</span> <span class='ocrx_word' id='word_1_250' title='bbox 390 1505 569 1556; x_wconf 90' lang='lat' dir='ltr'>Baptismi</span> <span class='ocrx_word' id='word_1_251' title='bbox 581 1534 590 1551; x_wconf 90' lang='lat'>,</span> <span class='ocrx_word' id='word_1_252' title='bbox 607 1523 621 1537; x_wconf 84' lang='lat'>»</span> <span class='ocrx_word' id='word_1_253' title='bbox 637 1504 783 1553; x_wconf 91' lang='lat' dir='ltr'>inquit,</span> <span class='ocrx_word' id='word_1_254' title='bbox 800 1521 813 1535; x_wconf 89' lang='lat'>«</span> <span class='ocrx_word' id='word_1_255' title='bbox 834 1503 955 1539; x_wconf 83' lang='lat' dir='ltr'>vicem</span> <span class='ocrx_word' id='word_1_256' title='bbox 971 1502 1178 1553; x_wconf 87' lang='lat' dir='ltr'>aliquando</span> <span class='ocrx_word' id='word_1_257' title='bbox 1195 1501 1355 1553; x_wconf 87' lang='lat' dir='ltr'>implere</span> 
     </span>
     <span class='ocr_line' id='line_1_36' title="bbox 345 1563 1354 1617; baseline -0.004 -13"><span class='ocrx_word' id='word_1_258' title='bbox 345 1586 359 1601; x_wconf 85' lang='lat'>»</span> <span class='ocrx_word' id='word_1_259' title='bbox 389 1566 604 1617; x_wconf 84' lang='lat' dir='ltr'>passionem</span> <span class='ocrx_word' id='word_1_260' title='bbox 619 1594 628 1611; x_wconf 86' lang='lat'>‚</span> <span class='ocrx_word' id='word_1_261' title='bbox 651 1565 698 1601; x_wconf 87' lang='lat' dir='ltr'>de</span> <span class='ocrx_word' id='word_1_262' title='bbox 713 1565 861 1601; x_wconf 89' lang='lat' dir='ltr'>latrone</span> <span class='ocrx_word' id='word_1_263' title='bbox 878 1564 964 1609; x_wconf 93' lang='lat' dir='ltr'>illo,</span> <span class='ocrx_word' id='word_1_264' title='bbox 988 1563 1048 1600; x_wconf 92' lang='lat' dir='ltr'>cui</span> <span class='ocrx_word' id='word_1_265' title='bbox 1067 1577 1145 1600; x_wconf 93' lang='lat' dir='ltr'>non</span> <span class='ocrx_word' id='word_1_266' title='bbox 1163 1563 1354 1614; x_wconf 88' lang='lat' dir='ltr'>baptizato</span> 
     </span>
     <span class='ocr_line' id='line_1_37' title="bbox 345 1627 1354 1674; baseline -0.006 -9"><span class='ocrx_word' id='word_1_267' title='bbox 345 1645 360 1660; x_wconf 86' lang='lat'>»</span> <span class='ocrx_word' id='word_1_268' title='bbox 390 1628 534 1665; x_wconf 88' lang='lat' dir='ltr'>dictum</span> <span class='ocrx_word' id='word_1_269' title='bbox 561 1635 639 1672; x_wconf 88' lang='lat' dir='ltr'>est,</span> <span class='ocrx_word' id='word_1_270' title='bbox 667 1627 788 1661; x_wconf 77' lang='lat' dir='ltr'>Hodie</span> <span class='ocrx_word' id='word_1_271' title='bbox 809 1639 951 1660; x_wconf 76' lang='lat' dir='ltr'>mecum</span> <span class='ocrx_word' id='word_1_272' title='bbox 981 1629 1052 1661; x_wconf 79' lang='lat' dir='ltr'>eris</span> <span class='ocrx_word' id='word_1_273' title='bbox 1078 1629 1116 1661; x_wconf 76' lang='lat' dir='ltr'>in</span> <span class='ocrx_word' id='word_1_274' title='bbox 1131 1627 1354 1674; x_wconf 78' lang='lat' dir='ltr'>paracliso²‚</span> 
     </span>
     <span class='ocr_line' id='line_1_38' title="bbox 344 1685 1355 1737; baseline -0.001 -15"><span class='ocrx_word' id='word_1_275' title='bbox 344 1704 360 1722; x_wconf 75' lang='grc' dir='ltr'><strong><em>ι</em></strong></span> <span class='ocrx_word' id='word_1_276' title='bbox 389 1687 522 1725; x_wconf 87' lang='lat' dir='ltr'>beatus</span> <span class='ocrx_word' id='word_1_277' title='bbox 543 1687 778 1737; x_wconf 75' lang='lat' dir='ltr'>Cyprianus,</span> <span class='ocrx_word' id='word_1_278' title='bbox 802 1699 879 1722; x_wconf 91' lang='lat' dir='ltr'>non</span> <span class='ocrx_word' id='word_1_279' title='bbox 897 1686 980 1722; x_wconf 82' lang='lat' dir='ltr'>leve</span> <span class='ocrx_word' id='word_1_280' title='bbox 998 1685 1271 1723; x_wconf 86' lang='lat' dir='ltr'>documentum</span> <span class='ocrx_word' id='word_1_281' title='bbox 1294 1699 1355 1722; x_wconf 92' lang='lat' dir='ltr'>as-</span> 
     </span>
     <span class='ocr_line' id='line_1_39' title="bbox 347 1746 1355 1796; baseline -0.004 -10"><span class='ocrx_word' id='word_1_282' title='bbox 347 1767 362 1783; x_wconf 90' lang='lat'>»</span> <span class='ocrx_word' id='word_1_283' title='bbox 392 1749 517 1786; x_wconf 88' lang='lat' dir='ltr'>sumit.</span> <span class='ocrx_word' id='word_1_284' title='bbox 542 1767 556 1781; x_wconf 88' lang='lat'>»</span> <span class='ocrx_word' id='word_1_285' title='bbox 578 1751 625 1785; x_wconf 89' lang='lat' dir='ltr'>Et</span> <span class='ocrx_word' id='word_1_286' title='bbox 649 1747 753 1784; x_wconf 81' lang='lat' dir='ltr'>addit</span> <span class='ocrx_word' id='word_1_287' title='bbox 773 1762 780 1783; x_wconf 90' lang='lat'>:</span> <span class='ocrx_word' id='word_1_288' title='bbox 799 1764 813 1779; x_wconf 84' lang='lat'>«</span> <span class='ocrx_word' id='word_1_289' title='bbox 833 1746 946 1795; x_wconf 89' lang='lat' dir='ltr'>Quod</span> <span class='ocrx_word' id='word_1_290' title='bbox 976 1747 1088 1782; x_wconf 89' lang='lat' dir='ltr'>etiam</span> <span class='ocrx_word' id='word_1_291' title='bbox 1110 1755 1223 1796; x_wconf 90' lang='lat' dir='ltr'>atque</span> <span class='ocrx_word' id='word_1_292' title='bbox 1243 1746 1355 1782; x_wconf 89' lang='lat' dir='ltr'>etiam</span> 
     </span>
     <span class='ocr_line' id='line_1_40' title="bbox 347 1807 1356 1856; baseline -0.003 -10"><span class='ocrx_word' id='word_1_293' title='bbox 347 1828 362 1843; x_wconf 83' lang='lat'>»</span> <span class='ocrx_word' id='word_1_294' title='bbox 391 1808 656 1853; x_wconf 85' lang='lat' dir='ltr'>considerans,</span> <span class='ocrx_word' id='word_1_295' title='bbox 679 1808 837 1844; x_wconf 78' lang='lat' dir='ltr'>invenio</span> <span class='ocrx_word' id='word_1_296' title='bbox 850 1836 859 1853; x_wconf 81' lang='lat'>,</span> <span class='ocrx_word' id='word_1_297' title='bbox 883 1825 897 1839; x_wconf 74' lang='grc' dir='ltr'><strong>υ</strong></span> <span class='ocrx_word' id='word_1_298' title='bbox 917 1807 1060 1856; x_wconf 89' lang='lat' dir='ltr'>inquit,</span> <span class='ocrx_word' id='word_1_299' title='bbox 1079 1825 1093 1839; x_wconf 83' lang='lat'>«</span> <span class='ocrx_word' id='word_1_300' title='bbox 1112 1820 1188 1843; x_wconf 90' lang='lat' dir='ltr'>non</span> <span class='ocrx_word' id='word_1_301' title='bbox 1209 1815 1356 1843; x_wconf 90' lang='lat' dir='ltr'>tantum</span> 
     </span>
    </p>
   </div>
   <div class='ocr_carea' id='block_1_9' title="bbox 1413 1138 2438 1856">
    <p class='ocr_par' dir='ltr' id='par_1_11' title="bbox 1413 1138 2438 1856">
     <span class='ocr_line' id='line_1_41' title="bbox 1415 1138 2426 1189; baseline -0.001 -13"><span class='ocrx_word' id='word_1_302' title='bbox 1415 1140 1486 1176; x_wconf 92' lang='lat' dir='ltr'>lor.</span> <span class='ocrx_word' id='word_1_303' title='bbox 1506 1141 1599 1176; x_wconf 91' lang='lat' dir='ltr'>Cum</span> <span class='ocrx_word' id='word_1_304' title='bbox 1620 1139 1698 1184; x_wconf 87' lang='lat' dir='ltr'>his,</span> <span class='ocrx_word' id='word_1_305' title='bbox 1716 1138 1894 1189; x_wconf 88' lang='lat' dir='ltr'>inquam,</span> <span class='ocrx_word' id='word_1_306' title='bbox 1918 1152 1979 1176; x_wconf 87' lang='lat' dir='ltr'>me</span> <span class='ocrx_word' id='word_1_307' title='bbox 1994 1147 2058 1175; x_wconf 91' lang='lat' dir='ltr'>aut</span> <span class='ocrx_word' id='word_1_308' title='bbox 2071 1151 2216 1185; x_wconf 83' lang='lat' dir='ltr'>errare,</span> <span class='ocrx_word' id='word_1_309' title='bbox 2234 1147 2300 1175; x_wconf 88' lang='lat' dir='ltr'>aut</span> <span class='ocrx_word' id='word_1_310' title='bbox 2314 1151 2426 1189; x_wconf 88' lang='lat' dir='ltr'>sape-</span> 
     </span>
     <span class='ocr_line' id='line_1_42' title="bbox 1416 1198 2427 1249; baseline -0.002 -12"><span class='ocrx_word' id='word_1_311' title='bbox 1416 1213 1457 1237; x_wconf 90' lang='lat' dir='ltr'>re</span> <span class='ocrx_word' id='word_1_312' title='bbox 1484 1200 1604 1236; x_wconf 87' lang='lat' dir='ltr'>fateor</span> <span class='ocrx_word' id='word_1_313' title='bbox 1627 1213 1635 1235; x_wconf 91' lang='lat'>:</span> <span class='ocrx_word' id='word_1_314' title='bbox 1657 1199 1816 1236; x_wconf 89' lang='lat' dir='ltr'>credens</span> <span class='ocrx_word' id='word_1_315' title='bbox 1845 1206 1883 1235; x_wconf 91' lang='lat' dir='ltr'>et</span> <span class='ocrx_word' id='word_1_316' title='bbox 1909 1198 1991 1249; x_wconf 89' lang='lat' dir='ltr'>ipse</span> <span class='ocrx_word' id='word_1_317' title='bbox 2007 1228 2016 1246; x_wconf 97' lang='lat'>,</span> <span class='ocrx_word' id='word_1_318' title='bbox 2037 1199 2118 1235; x_wconf 89' lang='lat' dir='ltr'>sola</span> <span class='ocrx_word' id='word_1_319' title='bbox 2137 1198 2211 1235; x_wconf 88' lang='lat' dir='ltr'>fide</span> <span class='ocrx_word' id='word_1_320' title='bbox 2233 1198 2427 1236; x_wconf 91' lang='lat' dir='ltr'>hominem</span> 
     </span>
     <span class='ocr_line' id='line_1_43' title="bbox 1417 1259 2428 1311; baseline 0 -14"><span class='ocrx_word' id='word_1_321' title='bbox 1417 1273 1528 1311; x_wconf 89' lang='lat' dir='ltr'>posse</span> <span class='ocrx_word' id='word_1_322' title='bbox 1548 1260 1709 1306; x_wconf 81' lang='lat' dir='ltr'>salvari,</span> <span class='ocrx_word' id='word_1_323' title='bbox 1735 1273 1822 1296; x_wconf 88' lang='lat' dir='ltr'>cum</span> <span class='ocrx_word' id='word_1_324' title='bbox 1841 1259 2030 1297; x_wconf 87' lang='lat' dir='ltr'>desiderio</span> <span class='ocrx_word' id='word_1_325' title='bbox 2048 1259 2285 1310; x_wconf 89' lang='lat' dir='ltr'>percipiendi</span> <span class='ocrx_word' id='word_1_326' title='bbox 2301 1273 2428 1297; x_wconf 88' lang='lat' dir='ltr'>sacra-</span> 
     </span>
     <span class='ocr_line' id='line_1_44' title="bbox 1418 1320 2430 1371; baseline 0.001 -14"><span class='ocrx_word' id='word_1_327' title='bbox 1418 1329 1589 1358; x_wconf 88' lang='lat' dir='ltr'>mentum</span> <span class='ocrx_word' id='word_1_328' title='bbox 1622 1336 1630 1358; x_wconf 78' lang='lat' dir='ltr'><strong><em>z</em></strong></span> <span class='ocrx_word' id='word_1_329' title='bbox 1662 1321 1693 1357; x_wconf 93' lang='lat' dir='ltr'>si</span> <span class='ocrx_word' id='word_1_330' title='bbox 1725 1330 1849 1358; x_wconf 90' lang='lat' dir='ltr'>tamen</span> <span class='ocrx_word' id='word_1_331' title='bbox 1880 1321 1945 1371; x_wconf 88' lang='lat' dir='ltr'>pio</span> <span class='ocrx_word' id='word_1_332' title='bbox 1975 1320 2210 1370; x_wconf 90' lang='lat' dir='ltr'>adimplendi</span> <span class='ocrx_word' id='word_1_333' title='bbox 2241 1320 2430 1358; x_wconf 88' lang='lat' dir='ltr'>desiderio</span> 
     </span>
     <span class='ocr_line' id='line_1_45' title="bbox 1419 1382 2427 1433; baseline 0 -14"><span class='ocrx_word' id='word_1_334' title='bbox 1419 1396 1523 1419; x_wconf 88' lang='lat' dir='ltr'>mors</span> <span class='ocrx_word' id='word_1_335' title='bbox 1538 1382 1750 1433; x_wconf 86' lang='lat' dir='ltr'>anticipans</span> <span class='ocrx_word' id='word_1_336' title='bbox 1762 1411 1771 1428; x_wconf 91' lang='lat'>,</span> <span class='ocrx_word' id='word_1_337' title='bbox 1789 1395 1855 1419; x_wconf 88' lang='lat' dir='ltr'>seu</span> <span class='ocrx_word' id='word_1_338' title='bbox 1872 1382 1943 1419; x_wconf 85' lang='lat' dir='ltr'>alia</span> <span class='ocrx_word' id='word_1_339' title='bbox 1959 1395 2211 1432; x_wconf 84' lang='lat' dir='ltr'>quaecumque</span> <span class='ocrx_word' id='word_1_340' title='bbox 2227 1383 2285 1420; x_wconf 88' lang='lat' dir='ltr'>vis</span> <span class='ocrx_word' id='word_1_341' title='bbox 2300 1383 2427 1420; x_wconf 88' lang='lat' dir='ltr'>invin-</span> 
     </span>
     <span class='ocr_line' id='line_1_46' title="bbox 1421 1442 2433 1483; baseline -0.002 -1"><span class='ocrx_word' id='word_1_342' title='bbox 1421 1444 1542 1482; x_wconf 86' lang='lat' dir='ltr'>cibilis</span> <span class='ocrx_word' id='word_1_343' title='bbox 1562 1442 1738 1480; x_wconf 74' lang='lat' dir='ltr'>obviarit.</span> <span class='ocrx_word' id='word_1_344' title='bbox 1759 1443 1854 1481; x_wconf 86' lang='lat' dir='ltr'>Vide</span> <span class='ocrx_word' id='word_1_345' title='bbox 1874 1443 1986 1480; x_wconf 85' lang='lat' dir='ltr'>etiam</span> <span class='ocrx_word' id='word_1_346' title='bbox 2008 1456 2056 1480; x_wconf 92' lang='lat' dir='ltr'>ne</span> <span class='ocrx_word' id='word_1_347' title='bbox 2077 1443 2174 1480; x_wconf 88' lang='lat' dir='ltr'>forte</span> <span class='ocrx_word' id='word_1_348' title='bbox 2193 1442 2244 1480; x_wconf 93' lang='lat' dir='ltr'>ob</span> <span class='ocrx_word' id='word_1_349' title='bbox 2264 1444 2337 1480; x_wconf 89' lang='lat' dir='ltr'>hoc</span> <span class='ocrx_word' id='word_1_350' title='bbox 2357 1445 2433 1483; x_wconf 86' lang='lat' dir='ltr'>Sal-</span> 
     </span>
     <span class='ocr_line' id='line_1_47' title="bbox 1420 1503 2433 1554; baseline -0.002 -13"><span class='ocrx_word' id='word_1_351' title='bbox 1420 1513 1532 1542; x_wconf 71' lang='lat' dir='ltr'>vator</span> <span class='ocrx_word' id='word_1_352' title='bbox 1554 1517 1639 1541; x_wconf 92' lang='lat' dir='ltr'>cum</span> <span class='ocrx_word' id='word_1_353' title='bbox 1659 1504 1824 1550; x_wconf 85' lang='lat' dir='ltr'>diceret,</span> <span class='ocrx_word' id='word_1_354' title='bbox 1852 1505 1929 1550; x_wconf 76' lang='lat' dir='ltr'>Qui</span> <span class='ocrx_word' id='word_1_355' title='bbox 1949 1505 2152 1539; x_wconf 78' lang='lat' dir='ltr'>crediclere&#39;c</span> <span class='ocrx_word' id='word_1_356' title='bbox 2171 1513 2208 1540; x_wconf 88' lang='lat' dir='ltr'>et</span> <span class='ocrx_word' id='word_1_357' title='bbox 2225 1503 2433 1554; x_wconf 73' lang='lat' dir='ltr'>baptizatus</span> 
     </span>
     <span class='ocr_line' id='line_1_48' title="bbox 1413 1563 2433 1616; baseline 0.002 -15"><span class='ocrx_word' id='word_1_358' title='bbox 1413 1563 1553 1613; x_wconf 78' lang='lat' dir='ltr'>suerit,</span> <span class='ocrx_word' id='word_1_359' title='bbox 1571 1567 1692 1600; x_wconf 74' lang='lat' dir='ltr'>salvus</span> <span class='ocrx_word' id='word_1_360' title='bbox 1710 1569 1780 1600; x_wconf 81' lang='lat' dir='ltr'>eric</span> <span class='ocrx_word' id='word_1_361' title='bbox 1789 1578 1804 1608; x_wconf 91' lang='lat'>‚·</span> <span class='ocrx_word' id='word_1_362' title='bbox 1824 1572 1932 1601; x_wconf 83' lang='lat' dir='ltr'>caute</span> <span class='ocrx_word' id='word_1_363' title='bbox 1949 1572 1986 1600; x_wconf 92' lang='lat' dir='ltr'>et</span> <span class='ocrx_word' id='word_1_364' title='bbox 2005 1564 2206 1614; x_wconf 85' lang='lat' dir='ltr'>vigilanter</span> <span class='ocrx_word' id='word_1_365' title='bbox 2225 1578 2304 1602; x_wconf 92' lang='lat' dir='ltr'>non</span> <span class='ocrx_word' id='word_1_366' title='bbox 2320 1579 2433 1616; x_wconf 88' lang='lat' dir='ltr'>repe-</span> 
     </span>
     <span class='ocr_line' id='line_1_49' title="bbox 1424 1624 2435 1675; baseline -0.001 -12"><span class='ocrx_word' id='word_1_367' title='bbox 1424 1626 1546 1672; x_wconf 90' lang='lat' dir='ltr'>tierit,</span> <span class='ocrx_word' id='word_1_368' title='bbox 1567 1625 1641 1674; x_wconf 88' lang='lat' dir='ltr'>Qui</span> <span class='ocrx_word' id='word_1_369' title='bbox 1661 1638 1753 1662; x_wconf 79' lang='lat' dir='ltr'>vero</span> <span class='ocrx_word' id='word_1_370' title='bbox 1772 1624 1987 1675; x_wconf 87' lang='lat' dir='ltr'>baptizatus</span> <span class='ocrx_word' id='word_1_371' title='bbox 2008 1637 2086 1661; x_wconf 92' lang='lat' dir='ltr'>non</span> <span class='ocrx_word' id='word_1_372' title='bbox 2108 1625 2243 1672; x_wconf 84' lang='lat' dir='ltr'>fuerit3</span> <span class='ocrx_word' id='word_1_373' title='bbox 2265 1625 2331 1663; x_wconf 92' lang='lat' dir='ltr'>sed</span> <span class='ocrx_word' id='word_1_374' title='bbox 2353 1634 2435 1662; x_wconf 88' lang='lat' dir='ltr'>tan-</span> 
     </span>
     <span class='ocr_line' id='line_1_50' title="bbox 1425 1684 2436 1734; baseline 0 -12"><span class='ocrx_word' id='word_1_375' title='bbox 1425 1694 1504 1722; x_wconf 90' lang='lat' dir='ltr'>tum</span> <span class='ocrx_word' id='word_1_376' title='bbox 1517 1714 1525 1729; x_wconf 92' lang='lat'>,</span> <span class='ocrx_word' id='word_1_377' title='bbox 1549 1690 1623 1733; x_wconf 77' lang='lat' dir='ltr'>Qui</span> <span class='ocrx_word' id='word_1_378' title='bbox 1644 1698 1733 1720; x_wconf 80' lang='lat' dir='ltr'>vero</span> <span class='ocrx_word' id='word_1_379' title='bbox 1746 1714 1755 1729; x_wconf 92' lang='lat'>,</span> <span class='ocrx_word' id='word_1_380' title='bbox 1777 1684 1917 1734; x_wconf 91' lang='lat' dir='ltr'>inquit,</span> <span class='ocrx_word' id='word_1_381' title='bbox 1936 1697 2008 1719; x_wconf 83' lang='lat' dir='ltr'>non</span> <span class='ocrx_word' id='word_1_382' title='bbox 2024 1686 2239 1731; x_wconf 74' lang='lat' dir='ltr'>crediderit,</span> <span class='ocrx_word' id='word_1_383' title='bbox 2257 1687 2436 1722; x_wconf 82' lang='lat' dir='ltr'>condem-</span> 
     </span>
     <span class='ocr_line' id='line_1_51' title="bbox 1424 1744 2435 1783; baseline 0.002 -2"><span class='ocrx_word' id='word_1_384' title='bbox 1424 1745 1595 1782; x_wconf 67' lang='lat' dir='ltr'>nabitur?</span> <span class='ocrx_word' id='word_1_385' title='bbox 1625 1760 1633 1781; x_wconf 72' lang='grc' dir='ltr'>ε</span> <span class='ocrx_word' id='word_1_386' title='bbox 1667 1745 1847 1781; x_wconf 88' lang='lat' dir='ltr'>nimirum</span> <span class='ocrx_word' id='word_1_387' title='bbox 1886 1744 2050 1781; x_wconf 89' lang='lat' dir='ltr'>innuens</span> <span class='ocrx_word' id='word_1_388' title='bbox 2088 1745 2207 1782; x_wconf 85' lang='lat' dir='ltr'>solam</span> <span class='ocrx_word' id='word_1_389' title='bbox 2241 1746 2435 1783; x_wconf 90' lang='lat' dir='ltr'>interdum</span> 
     </span>
     <span class='ocr_line' id='line_1_52' title="bbox 1425 1804 2438 1856; baseline 0.001 -13"><span class='ocrx_word' id='word_1_390' title='bbox 1425 1806 1537 1843; x_wconf 86' lang='lat' dir='ltr'>fidem</span> <span class='ocrx_word' id='word_1_391' title='bbox 1557 1806 1731 1843; x_wconf 85' lang='lat' dir='ltr'>sufficere</span> <span class='ocrx_word' id='word_1_392' title='bbox 1749 1804 1795 1842; x_wconf 89' lang='lat' dir='ltr'>ad</span> <span class='ocrx_word' id='word_1_393' title='bbox 1816 1805 1974 1841; x_wconf 88' lang='lat' dir='ltr'>salutem</span> <span class='ocrx_word' id='word_1_394' title='bbox 1988 1833 1997 1848; x_wconf 85' lang='lat'><strong>‚</strong></span> <span class='ocrx_word' id='word_1_395' title='bbox 2013 1813 2052 1842; x_wconf 89' lang='lat' dir='ltr'>et</span> <span class='ocrx_word' id='word_1_396' title='bbox 2067 1806 2148 1842; x_wconf 91' lang='lat' dir='ltr'>sine</span> <span class='ocrx_word' id='word_1_397' title='bbox 2164 1806 2246 1856; x_wconf 85' lang='lat' dir='ltr'>ipsa</span> <span class='ocrx_word' id='word_1_398' title='bbox 2264 1807 2438 1844; x_wconf 86' lang='lat' dir='ltr'>sufficere</span> 
     </span>
    </p>
   </div>
   <div class='ocr_carea' id='block_1_10' title="bbox 347 1865 2436 1920">
    <p class='ocr_par' dir='ltr' id='par_1_12' title="bbox 347 1865 2436 1920">
     <span class='ocr_line' id='line_1_53' title="bbox 347 1865 2436 1920; baseline -0.001 -14"><span class='ocrx_word' id='word_1_399' title='bbox 347 1888 362 1903; x_wconf 88' lang='lat'>»</span> <span class='ocrx_word' id='word_1_400' title='bbox 393 1870 609 1920; x_wconf 86' lang='lat' dir='ltr'>passionem</span> <span class='ocrx_word' id='word_1_401' title='bbox 640 1881 712 1918; x_wconf 86' lang='lat' dir='ltr'>pro</span> <span class='ocrx_word' id='word_1_402' title='bbox 741 1867 897 1903; x_wconf 89' lang='lat' dir='ltr'>nomine</span> <span class='ocrx_word' id='word_1_403' title='bbox 925 1867 1083 1912; x_wconf 84' lang='lat' dir='ltr'>Christi,</span> <span class='ocrx_word' id='word_1_404' title='bbox 1111 1866 1149 1903; x_wconf 88' lang='lat' dir='ltr'>id</span> <span class='ocrx_word' id='word_1_405' title='bbox 1181 1867 1285 1916; x_wconf 90' lang='lat' dir='ltr'>quod</span> <span class='ocrx_word' id='word_1_406' title='bbox 1312 1880 1356 1903; x_wconf 81' lang='lat' dir='ltr'>ex</span> <span class='ocrx_word' id='word_1_407' title='bbox 1379 1865 1405 1901; x_wconf 94' lang='lat' dir='ltr'>C</span> <span class='ocrx_word' id='word_1_408' title='bbox 1427 1867 1533 1903; x_wconf 88' lang='lat' dir='ltr'>nihil.</span> <span class='ocrx_word' id='word_1_409' title='bbox 1562 1871 1808 1916; x_wconf 86' lang='lat' dir='ltr'>Quapropter</span> <span class='ocrx_word' id='word_1_410' title='bbox 1833 1865 1902 1902; x_wconf 89' lang='lat' dir='ltr'>etsi</span> <span class='ocrx_word' id='word_1_411' title='bbox 1920 1866 2146 1915; x_wconf 86' lang='lat' dir='ltr'>martyrium</span> <span class='ocrx_word' id='word_1_412' title='bbox 2166 1866 2286 1904; x_wconf 91' lang='lat' dir='ltr'>vicem</span> <span class='ocrx_word' id='word_1_413' title='bbox 2305 1868 2436 1918; x_wconf 87' lang='lat' dir='ltr'>Bapti-</span> 
     </span>
    </p>
   </div>
   <div class='ocr_carea' id='block_1_11' title="bbox 346 1927 1362 2643">
    <p class='ocr_par' dir='ltr' id='par_1_13' title="bbox 346 1927 1362 2643">
     <span class='ocr_line' id='line_1_54' title="bbox 348 1927 1357 1980; baseline 0 -17"><span class='ocrx_word' id='word_1_414' title='bbox 348 1949 362 1964; x_wconf 82' lang='lat'>»</span> <span class='ocrx_word' id='word_1_415' title='bbox 392 1930 623 1980; x_wconf 86' lang='lat' dir='ltr'>Baptismate</span> <span class='ocrx_word' id='word_1_416' title='bbox 644 1928 773 1965; x_wconf 89' lang='lat' dir='ltr'>deerat</span> <span class='ocrx_word' id='word_1_417' title='bbox 795 1941 907 1978; x_wconf 81' lang='lat' dir='ltr'>posse</span> <span class='ocrx_word' id='word_1_418' title='bbox 927 1927 1128 1977; x_wconf 82' lang='lat' dir='ltr'>supplere3</span> <span class='ocrx_word' id='word_1_419' title='bbox 1159 1927 1225 1964; x_wconf 90' lang='lat' dir='ltr'>sed</span> <span class='ocrx_word' id='word_1_420' title='bbox 1245 1928 1357 1964; x_wconf 87' lang='lat' dir='ltr'>etiam</span> 
     </span>
     <span class='ocr_line' id='line_1_55' title="bbox 346 1987 1358 2038; baseline -0.003 -11"><span class='ocrx_word' id='word_1_421' title='bbox 346 2008 362 2024; x_wconf 82' lang='lat'>»</span> <span class='ocrx_word' id='word_1_422' title='bbox 392 1990 507 2027; x_wconf 90' lang='lat' dir='ltr'>fidem</span> <span class='ocrx_word' id='word_1_423' title='bbox 540 1988 910 2038; x_wconf 77' lang='lat' dir='ltr'>conversionemque</span> <span class='ocrx_word' id='word_1_424' title='bbox 944 1987 1090 2033; x_wconf 90' lang='lat' dir='ltr'>cordis,</span> <span class='ocrx_word' id='word_1_425' title='bbox 1120 1988 1149 2024; x_wconf 92' lang='lat' dir='ltr'>si</span> <span class='ocrx_word' id='word_1_426' title='bbox 1183 1988 1280 2024; x_wconf 91' lang='lat' dir='ltr'>forte</span> <span class='ocrx_word' id='word_1_427' title='bbox 1311 1987 1358 2024; x_wconf 90' lang='lat' dir='ltr'>ad</span> 
     </span>
     <span class='ocr_line' id='line_1_56' title="bbox 349 2048 1359 2098; baseline 0.001 -14"><span class='ocrx_word' id='word_1_428' title='bbox 349 2068 363 2084; x_wconf 71' lang='grc' dir='ltr'><strong>υ</strong></span> <span class='ocrx_word' id='word_1_429' title='bbox 393 2050 664 2087; x_wconf 86' lang='lat' dir='ltr'>celebrandum</span> <span class='ocrx_word' id='word_1_430' title='bbox 682 2049 904 2098; x_wconf 79' lang='lat' dir='ltr'>mysterium</span> <span class='ocrx_word' id='word_1_431' title='bbox 924 2048 1104 2098; x_wconf 86' lang='lat' dir='ltr'>Baptismi</span> <span class='ocrx_word' id='word_1_432' title='bbox 1122 2048 1159 2084; x_wconf 91' lang='lat' dir='ltr'>in</span> <span class='ocrx_word' id='word_1_433' title='bbox 1178 2049 1359 2098; x_wconf 80' lang='lat' dir='ltr'>angustiis</span> 
     </span>
     <span class='ocr_line' id='line_1_57' title="bbox 347 2109 1359 2161; baseline -0.002 -14"><span class='ocrx_word' id='word_1_434' title='bbox 347 2128 361 2144; x_wconf 78' lang='grc' dir='ltr'>υ</span> <span class='ocrx_word' id='word_1_435' title='bbox 392 2120 608 2161; x_wconf 88' lang='lat' dir='ltr'>temporum</span> <span class='ocrx_word' id='word_1_436' title='bbox 639 2109 810 2146; x_wconf 88' lang='lat' dir='ltr'>succurri</span> <span class='ocrx_word' id='word_1_437' title='bbox 844 2121 921 2145; x_wconf 87' lang='lat' dir='ltr'>non</span> <span class='ocrx_word' id='word_1_438' title='bbox 949 2117 1086 2158; x_wconf 89' lang='lat' dir='ltr'>potest.</span> <span class='ocrx_word' id='word_1_439' title='bbox 1116 2126 1131 2141; x_wconf 87' lang='lat'>»</span> <span class='ocrx_word' id='word_1_440' title='bbox 1158 2112 1205 2146; x_wconf 91' lang='lat' dir='ltr'>Et</span> <span class='ocrx_word' id='word_1_441' title='bbox 1229 2110 1359 2146; x_wconf 88' lang='lat' dir='ltr'>infra:</span> 
     </span>
     <span class='ocr_line' id='line_1_58' title="bbox 347 2169 1361 2219; baseline 0 -13"><span class='ocrx_word' id='word_1_442' title='bbox 347 2188 361 2203; x_wconf 91' lang='lat'>«</span> <span class='ocrx_word' id='word_1_443' title='bbox 392 2175 584 2219; x_wconf 86' lang='lat' dir='ltr'>Quantum</span> <span class='ocrx_word' id='word_1_444' title='bbox 605 2170 747 2219; x_wconf 89' lang='lat' dir='ltr'>itaque,</span> <span class='ocrx_word' id='word_1_445' title='bbox 772 2186 786 2201; x_wconf 66' lang='grc' dir='ltr'>υ</span> <span class='ocrx_word' id='word_1_446' title='bbox 808 2169 874 2214; x_wconf 90' lang='lat' dir='ltr'>ait,</span> <span class='ocrx_word' id='word_1_447' title='bbox 898 2185 913 2200; x_wconf 86' lang='lat'>«</span> <span class='ocrx_word' id='word_1_448' title='bbox 937 2169 1059 2205; x_wconf 75' lang='lat' dir='ltr'>valeat</span> <span class='ocrx_word' id='word_1_449' title='bbox 1077 2169 1188 2205; x_wconf 90' lang='lat' dir='ltr'>etiam</span> <span class='ocrx_word' id='word_1_450' title='bbox 1209 2169 1290 2205; x_wconf 91' lang='lat' dir='ltr'>sine</span> <span class='ocrx_word' id='word_1_451' title='bbox 1308 2169 1361 2206; x_wconf 69' lang='lat' dir='ltr'>vi-</span> 
     </span>
     <span class='ocr_line' id='line_1_59' title="bbox 348 2228 1360 2279; baseline 0 -14"><span class='ocrx_word' id='word_1_452' title='bbox 348 2249 362 2265; x_wconf 75' lang='lat'>»</span> <span class='ocrx_word' id='word_1_453' title='bbox 392 2230 491 2267; x_wconf 87' lang='lat' dir='ltr'>sibili</span> <span class='ocrx_word' id='word_1_454' title='bbox 508 2238 745 2267; x_wconf 87' lang='lat' dir='ltr'>sacramento</span> <span class='ocrx_word' id='word_1_455' title='bbox 761 2229 941 2279; x_wconf 88' lang='lat' dir='ltr'>Baptismi</span> <span class='ocrx_word' id='word_1_456' title='bbox 956 2228 1060 2279; x_wconf 90' lang='lat' dir='ltr'>quod</span> <span class='ocrx_word' id='word_1_457' title='bbox 1075 2229 1126 2265; x_wconf 91' lang='lat' dir='ltr'>ait</span> <span class='ocrx_word' id='word_1_458' title='bbox 1139 2229 1360 2279; x_wconf 86' lang='lat' dir='ltr'>Apostolus,</span> 
     </span>
     <span class='ocr_line' id='line_1_60' title="bbox 348 2288 1362 2337; baseline 0.001 -13"><span class='ocrx_word' id='word_1_459' title='bbox 348 2310 363 2325; x_wconf 81' lang='lat'>»</span> <span class='ocrx_word' id='word_1_460' title='bbox 397 2293 515 2327; x_wconf 82' lang='lat' dir='ltr'>Corde</span> <span class='ocrx_word' id='word_1_461' title='bbox 530 2293 692 2326; x_wconf 75' lang='lat' dir='ltr'>ereditur</span> <span class='ocrx_word' id='word_1_462' title='bbox 707 2292 976 2336; x_wconf 62' lang='lat' dir='ltr'>adjustitiam,</span> <span class='ocrx_word' id='word_1_463' title='bbox 999 2303 1062 2324; x_wconf 79' lang='lat' dir='ltr'>ore</span> <span class='ocrx_word' id='word_1_464' title='bbox 1079 2299 1202 2325; x_wconf 77' lang='lat' dir='ltr'>aulem</span> <span class='ocrx_word' id='word_1_465' title='bbox 1224 2288 1362 2337; x_wconf 71' lang='lat' dir='ltr'>conses-</span> 
     </span>
     <span class='ocr_line' id='line_1_61' title="bbox 349 2349 1360 2400; baseline 0 -14"><span class='ocrx_word' id='word_1_466' title='bbox 349 2370 364 2386; x_wconf 75' lang='lat'>»</span> <span class='ocrx_word' id='word_1_467' title='bbox 393 2353 507 2400; x_wconf 71' lang='lat' dir='ltr'>siofic</span> <span class='ocrx_word' id='word_1_468' title='bbox 529 2354 583 2388; x_wconf 78' lang='lat' dir='ltr'>ml</span> <span class='ocrx_word' id='word_1_469' title='bbox 596 2354 751 2387; x_wconf 76' lang='lat' dir='ltr'>salutem</span> <span class='ocrx_word' id='word_1_470' title='bbox 764 2351 791 2397; x_wconf 82' lang='lat'>3,</span> <span class='ocrx_word' id='word_1_471' title='bbox 810 2351 848 2387; x_wconf 88' lang='lat' dir='ltr'>in</span> <span class='ocrx_word' id='word_1_472' title='bbox 871 2350 937 2386; x_wconf 90' lang='lat' dir='ltr'>illo</span> <span class='ocrx_word' id='word_1_473' title='bbox 955 2350 1104 2387; x_wconf 86' lang='lat' dir='ltr'>latrone</span> <span class='ocrx_word' id='word_1_474' title='bbox 1128 2349 1360 2387; x_wconf 84' lang='lat' dir='ltr'>declaratum</span> 
     </span>
     <span class='ocr_line' id='line_1_62' title="bbox 348 2409 1358 2460; baseline -0.003 -11"><span class='ocrx_word' id='word_1_475' title='bbox 348 2431 361 2445; x_wconf 74' lang='grc' dir='ltr'>υ</span> <span class='ocrx_word' id='word_1_476' title='bbox 391 2421 457 2449; x_wconf 90' lang='lat' dir='ltr'>est.</span> <span class='ocrx_word' id='word_1_477' title='bbox 476 2411 548 2448; x_wconf 89' lang='lat' dir='ltr'>Sed</span> <span class='ocrx_word' id='word_1_478' title='bbox 564 2420 673 2457; x_wconf 91' lang='lat' dir='ltr'>tunc,</span> <span class='ocrx_word' id='word_1_479' title='bbox 691 2430 704 2444; x_wconf 68' lang='grc' dir='ltr'>ι)</span> <span class='ocrx_word' id='word_1_480' title='bbox 718 2410 861 2460; x_wconf 82' lang='lat' dir='ltr'>inquit,</span> <span class='ocrx_word' id='word_1_481' title='bbox 878 2425 891 2441; x_wconf 84' lang='lat'>«</span> <span class='ocrx_word' id='word_1_482' title='bbox 908 2410 1090 2460; x_wconf 88' lang='lat' dir='ltr'>impletur</span> <span class='ocrx_word' id='word_1_483' title='bbox 1103 2409 1358 2456; x_wconf 82' lang='lat' dir='ltr'>invisibiliter,</span> 
     </span>
     <span class='ocr_line' id='line_1_63' title="bbox 347 2472 1362 2522; baseline -0.003 -12"><span class='ocrx_word' id='word_1_484' title='bbox 347 2492 362 2507; x_wconf 71' lang='lat' dir='ltr'>u</span> <span class='ocrx_word' id='word_1_485' title='bbox 392 2487 478 2510; x_wconf 90' lang='lat' dir='ltr'>cum</span> <span class='ocrx_word' id='word_1_486' title='bbox 498 2473 721 2522; x_wconf 74' lang='lat' dir='ltr'>mysterium</span> <span class='ocrx_word' id='word_1_487' title='bbox 740 2472 922 2521; x_wconf 88' lang='lat' dir='ltr'>Baptismi</span> <span class='ocrx_word' id='word_1_488' title='bbox 944 2484 1022 2507; x_wconf 87' lang='lat' dir='ltr'>non</span> <span class='ocrx_word' id='word_1_489' title='bbox 1041 2479 1284 2522; x_wconf 90' lang='lat' dir='ltr'>contemptus</span> <span class='ocrx_word' id='word_1_490' title='bbox 1302 2484 1362 2507; x_wconf 92' lang='lat' dir='ltr'>re-</span> 
     </span>
     <span class='ocr_line' id='line_1_64' title="bbox 348 2531 1360 2583; baseline -0.002 -13"><span class='ocrx_word' id='word_1_491' title='bbox 348 2552 361 2567; x_wconf 70' lang='lat' dir='ltr'>n</span> <span class='ocrx_word' id='word_1_492' title='bbox 385 2533 557 2583; x_wconf 77' lang='lat' dir='ltr'>ligionis‚</span> <span class='ocrx_word' id='word_1_493' title='bbox 579 2532 643 2569; x_wconf 89' lang='lat' dir='ltr'>sed</span> <span class='ocrx_word' id='word_1_494' title='bbox 665 2532 846 2569; x_wconf 88' lang='lat' dir='ltr'>articulus</span> <span class='ocrx_word' id='word_1_495' title='bbox 867 2531 1097 2568; x_wconf 83' lang='lat' dir='ltr'>necessitatis</span> <span class='ocrx_word' id='word_1_496' title='bbox 1118 2531 1286 2568; x_wconf 80' lang='lat' dir='ltr'>excludit</span> <span class='ocrx_word' id='word_1_497' title='bbox 1302 2532 1329 2568; x_wconf 61' lang='lat'>4.</span> <span class='ocrx_word' id='word_1_498' title='bbox 1347 2550 1360 2564; x_wconf 88' lang='lat'>»</span> 
     </span>
     <span class='ocr_line' id='line_1_65' title="bbox 347 2592 1361 2643; baseline -0.002 -13"><span class='ocrx_word' id='word_1_499' title='bbox 347 2597 393 2630; x_wconf 89' lang='lat' dir='ltr'>Et</span> <span class='ocrx_word' id='word_1_500' title='bbox 412 2593 566 2643; x_wconf 90' lang='lat' dir='ltr'>quidem</span> <span class='ocrx_word' id='word_1_501' title='bbox 586 2606 665 2629; x_wconf 94' lang='lat' dir='ltr'>non</span> <span class='ocrx_word' id='word_1_502' title='bbox 684 2593 819 2643; x_wconf 83' lang='lat' dir='ltr'>ignoro</span> <span class='ocrx_word' id='word_1_503' title='bbox 838 2601 1042 2629; x_wconf 88' lang='lat' dir='ltr'>retractare</span> <span class='ocrx_word' id='word_1_504' title='bbox 1059 2592 1184 2642; x_wconf 87' lang='lat' dir='ltr'>ipsum</span> <span class='ocrx_word' id='word_1_505' title='bbox 1202 2592 1240 2628; x_wconf 93' lang='lat' dir='ltr'>id</span> <span class='ocrx_word' id='word_1_506' title='bbox 1256 2592 1361 2642; x_wconf 90' lang='lat' dir='ltr'>quod</span> 
     </span>
    </p>
   </div>
   <div class='ocr_carea' id='block_1_12' title="bbox 1426 1926 2440 2642">
    <p class='ocr_par' dir='ltr' id='par_1_14' title="bbox 1426 1926 2440 2642">
     <span class='ocr_line' id='line_1_66' title="bbox 1427 1926 2437 1978; baseline 0.001 -13"><span class='ocrx_word' id='word_1_507' title='bbox 1427 1928 1497 1965; x_wconf 89' lang='lat' dir='ltr'>smi</span> <span class='ocrx_word' id='word_1_508' title='bbox 1526 1940 1638 1978; x_wconf 82' lang='lat' dir='ltr'>posse</span> <span class='ocrx_word' id='word_1_509' title='bbox 1666 1927 1826 1976; x_wconf 89' lang='lat' dir='ltr'>implere</span> <span class='ocrx_word' id='word_1_510' title='bbox 1856 1926 2101 1973; x_wconf 85' lang='lat' dir='ltr'>conceditur,</span> <span class='ocrx_word' id='word_1_511' title='bbox 2131 1940 2210 1964; x_wconf 89' lang='lat' dir='ltr'>non</span> <span class='ocrx_word' id='word_1_512' title='bbox 2231 1929 2344 1978; x_wconf 89' lang='lat' dir='ltr'>plane</span> <span class='ocrx_word' id='word_1_513' title='bbox 2364 1929 2437 1966; x_wconf 91' lang='lat' dir='ltr'>hoc</span> 
     </span>
     <span class='ocr_line' id='line_1_67' title="bbox 1427 1986 2437 2039; baseline 0.002 -16"><span class='ocrx_word' id='word_1_514' title='bbox 1427 1987 1514 2024; x_wconf 87' lang='lat' dir='ltr'>facit</span> <span class='ocrx_word' id='word_1_515' title='bbox 1532 2000 1646 2037; x_wconf 82' lang='lat' dir='ltr'>poena</span> <span class='ocrx_word' id='word_1_516' title='bbox 1658 2015 1668 2032; x_wconf 90' lang='lat'>,</span> <span class='ocrx_word' id='word_1_517' title='bbox 1685 1987 1751 2024; x_wconf 87' lang='lat' dir='ltr'>sed</span> <span class='ocrx_word' id='word_1_518' title='bbox 1766 1987 1847 2037; x_wconf 89' lang='lat' dir='ltr'>ipsa</span> <span class='ocrx_word' id='word_1_519' title='bbox 1862 1986 1968 2023; x_wconf 89' lang='lat' dir='ltr'>fides.</span> <span class='ocrx_word' id='word_1_520' title='bbox 1983 1990 2077 2024; x_wconf 87' lang='lat' dir='ltr'>Nam</span> <span class='ocrx_word' id='word_1_521' title='bbox 2093 1986 2238 2037; x_wconf 85' lang='lat' dir='ltr'>absque</span> <span class='ocrx_word' id='word_1_522' title='bbox 2251 1988 2333 2038; x_wconf 89' lang='lat' dir='ltr'>ipsa</span> <span class='ocrx_word' id='word_1_523' title='bbox 2347 1987 2437 2039; x_wconf 90' lang='lat' dir='ltr'>quid</span> 
     </span>
     <span class='ocr_line' id='line_1_68' title="bbox 1427 2047 2437 2099; baseline 0.002 -15"><span class='ocrx_word' id='word_1_524' title='bbox 1427 2056 1483 2084; x_wconf 89' lang='lat' dir='ltr'>est</span> <span class='ocrx_word' id='word_1_525' title='bbox 1504 2047 1749 2097; x_wconf 80' lang='lat' dir='ltr'>martyrium,</span> <span class='ocrx_word' id='word_1_526' title='bbox 1770 2047 1842 2084; x_wconf 90' lang='lat' dir='ltr'>nisi</span> <span class='ocrx_word' id='word_1_527' title='bbox 1862 2049 2000 2098; x_wconf 81' lang='lat' dir='ltr'>poena?</span> <span class='ocrx_word' id='word_1_528' title='bbox 2021 2050 2115 2095; x_wconf 89' lang='lat' dir='ltr'>Quae</span> <span class='ocrx_word' id='word_1_529' title='bbox 2135 2060 2226 2098; x_wconf 86' lang='lat' dir='ltr'>ergo</span> <span class='ocrx_word' id='word_1_530' title='bbox 2254 2049 2437 2099; x_wconf 86' lang='lat' dir='ltr'>martyrio</span> 
     </span>
     <span class='ocr_line' id='line_1_69' title="bbox 1426 2107 2440 2159; baseline 0.001 -14"><span class='ocrx_word' id='word_1_531' title='bbox 1426 2117 1605 2158; x_wconf 69' lang='lat' dir='ltr'>praestat,</span> <span class='ocrx_word' id='word_1_532' title='bbox 1638 2116 1681 2145; x_wconf 91' lang='lat' dir='ltr'>ut</span> <span class='ocrx_word' id='word_1_533' title='bbox 1708 2107 1852 2158; x_wconf 88' lang='lat' dir='ltr'>absque</span> <span class='ocrx_word' id='word_1_534' title='bbox 1883 2108 1970 2144; x_wconf 79' lang='lat' dir='ltr'>ulla&#39;</span> <span class='ocrx_word' id='word_1_535' title='bbox 1990 2107 2184 2145; x_wconf 88' lang='lat' dir='ltr'>dubietate</span> <span class='ocrx_word' id='word_1_536' title='bbox 2213 2122 2287 2159; x_wconf 86' lang='lat' dir='ltr'>pro</span> <span class='ocrx_word' id='word_1_537' title='bbox 2311 2109 2440 2159; x_wconf 85' lang='lat' dir='ltr'>Bapti-</span> 
     </span>
     <span class='ocr_line' id='line_1_70' title="bbox 1428 2168 2439 2219; baseline 0.002 -15"><span class='ocrx_word' id='word_1_538' title='bbox 1428 2176 1546 2205; x_wconf 86' lang='lat' dir='ltr'>smate</span> <span class='ocrx_word' id='word_1_539' title='bbox 1580 2176 1802 2219; x_wconf 81' lang='lat' dir='ltr'>reputetur3</span> <span class='ocrx_word' id='word_1_540' title='bbox 1832 2168 1913 2218; x_wconf 90' lang='lat' dir='ltr'>ipsa</span> <span class='ocrx_word' id='word_1_541' title='bbox 1942 2168 1994 2205; x_wconf 87' lang='lat' dir='ltr'>ita</span> <span class='ocrx_word' id='word_1_542' title='bbox 2014 2168 2165 2205; x_wconf 88' lang='lat' dir='ltr'>infirma</span> <span class='ocrx_word' id='word_1_543' title='bbox 2185 2177 2223 2206; x_wconf 89' lang='lat' dir='ltr'>et</span> <span class='ocrx_word' id='word_1_544' title='bbox 2242 2168 2439 2207; x_wconf 86' lang='lat' dir='ltr'>imbecillis</span> 
     </span>
     <span class='ocr_line' id='line_1_71' title="bbox 1428 2228 2438 2279; baseline 0.001 -14"><span class='ocrx_word' id='word_1_545' title='bbox 1428 2242 1497 2279; x_wconf 87' lang='lat' dir='ltr'>per</span> <span class='ocrx_word' id='word_1_546' title='bbox 1516 2242 1554 2265; x_wconf 92' lang='lat' dir='ltr'>se</span> <span class='ocrx_word' id='word_1_547' title='bbox 1575 2229 1649 2265; x_wconf 89' lang='lat' dir='ltr'>erit</span> <span class='ocrx_word' id='word_1_548' title='bbox 1664 2258 1673 2275; x_wconf 94' lang='lat'>,</span> <span class='ocrx_word' id='word_1_549' title='bbox 1695 2237 1737 2265; x_wconf 93' lang='lat' dir='ltr'>ut</span> <span class='ocrx_word' id='word_1_550' title='bbox 1753 2228 1858 2278; x_wconf 91' lang='lat' dir='ltr'>quod</span> <span class='ocrx_word' id='word_1_551' title='bbox 1881 2228 1972 2265; x_wconf 88' lang='lat' dir='ltr'>dare</span> <span class='ocrx_word' id='word_1_552' title='bbox 1989 2229 2098 2266; x_wconf 89' lang='lat' dir='ltr'>alteri</span> <span class='ocrx_word' id='word_1_553' title='bbox 2117 2229 2241 2276; x_wconf 83' lang='lat' dir='ltr'>valet,</span> <span class='ocrx_word' id='word_1_554' title='bbox 2262 2230 2342 2267; x_wconf 82' lang='lat' dir='ltr'>sola</span> <span class='ocrx_word' id='word_1_555' title='bbox 2361 2242 2438 2266; x_wconf 91' lang='lat' dir='ltr'>non</span> 
     </span>
     <span class='ocr_line' id='line_1_72' title="bbox 1427 2288 2438 2340; baseline 0.001 -16"><span class='ocrx_word' id='word_1_556' title='bbox 1427 2289 1552 2325; x_wconf 88' lang='lat' dir='ltr'>valeat</span> <span class='ocrx_word' id='word_1_557' title='bbox 1569 2288 1771 2325; x_wconf 80' lang='lat' dir='ltr'>obtinere?</span> <span class='ocrx_word' id='word_1_558' title='bbox 1790 2292 1838 2325; x_wconf 88' lang='lat' dir='ltr'>Et</span> <span class='ocrx_word' id='word_1_559' title='bbox 1854 2302 2011 2339; x_wconf 90' lang='lat' dir='ltr'>prorsus</span> <span class='ocrx_word' id='word_1_560' title='bbox 2031 2289 2225 2339; x_wconf 83' lang='lat' dir='ltr'>sanguinis</span> <span class='ocrx_word' id='word_1_561' title='bbox 2241 2302 2314 2340; x_wconf 88' lang='lat' dir='ltr'>pro</span> <span class='ocrx_word' id='word_1_562' title='bbox 2331 2289 2438 2328; x_wconf 87' lang='lat' dir='ltr'>Chri-</span> 
     </span>
     <span class='ocr_line' id='line_1_73' title="bbox 1429 2348 2437 2399; baseline 0.001 -14"><span class='ocrx_word' id='word_1_563' title='bbox 1429 2357 1487 2386; x_wconf 93' lang='lat' dir='ltr'>sto</span> <span class='ocrx_word' id='word_1_564' title='bbox 1516 2349 1651 2386; x_wconf 86' lang='lat' dir='ltr'>effusio</span> <span class='ocrx_word' id='word_1_565' title='bbox 1690 2362 1835 2399; x_wconf 80' lang='lat' dir='ltr'>magnae</span> <span class='ocrx_word' id='word_1_566' title='bbox 1872 2348 2069 2399; x_wconf 82' lang='lat' dir='ltr'>cujusdam</span> <span class='ocrx_word' id='word_1_567' title='bbox 2104 2349 2191 2386; x_wconf 91' lang='lat' dir='ltr'>fidei</span> <span class='ocrx_word' id='word_1_568' title='bbox 2226 2348 2437 2386; x_wconf 87' lang='lat' dir='ltr'>indubitata</span> 
     </span>
     <span class='ocr_line' id='line_1_74' title="bbox 1428 2409 2434 2459; baseline 0 -13"><span class='ocrx_word' id='word_1_569' title='bbox 1428 2409 1607 2459; x_wconf 89' lang='lat' dir='ltr'>probatio</span> <span class='ocrx_word' id='word_1_570' title='bbox 1626 2418 1704 2455; x_wconf 89' lang='lat' dir='ltr'>est,</span> <span class='ocrx_word' id='word_1_571' title='bbox 1731 2423 1811 2446; x_wconf 92' lang='lat' dir='ltr'>non</span> <span class='ocrx_word' id='word_1_572' title='bbox 1837 2413 1920 2446; x_wconf 91' lang='lat' dir='ltr'>Deo</span> <span class='ocrx_word' id='word_1_573' title='bbox 1946 2417 2096 2455; x_wconf 88' lang='lat' dir='ltr'>tamen,</span> <span class='ocrx_word' id='word_1_574' title='bbox 2118 2409 2184 2447; x_wconf 90' lang='lat' dir='ltr'>sed</span> <span class='ocrx_word' id='word_1_575' title='bbox 2204 2409 2434 2447; x_wconf 90' lang='lat' dir='ltr'>hominibus.</span> 
     </span>
     <span class='ocr_line' id='line_1_75' title="bbox 1429 2465 2435 2520; baseline 0.001 -14"><span class='ocrx_word' id='word_1_576' title='bbox 1429 2470 1501 2507; x_wconf 87' lang='lat' dir='ltr'>Sed</span> <span class='ocrx_word' id='word_1_577' title='bbox 1520 2470 1612 2520; x_wconf 89' lang='lat' dir='ltr'>quid</span> <span class='ocrx_word' id='word_1_578' title='bbox 1637 2471 1667 2507; x_wconf 90' lang='lat' dir='ltr'>si</span> <span class='ocrx_word' id='word_1_579' title='bbox 1691 2474 1814 2514; x_wconf 88' lang='lat' dir='ltr'>Deus,</span> <span class='ocrx_word' id='word_1_580' title='bbox 1844 2469 1911 2520; x_wconf 90' lang='lat' dir='ltr'>qui</span> <span class='ocrx_word' id='word_1_581' title='bbox 1930 2465 2108 2520; x_wconf 86' lang='lat' dir='ltr'>profecto</span> <span class='ocrx_word' id='word_1_582' title='bbox 2129 2469 2176 2507; x_wconf 89' lang='lat' dir='ltr'>ad</span> <span class='ocrx_word' id='word_1_583' title='bbox 2193 2469 2435 2520; x_wconf 88' lang='lat' dir='ltr'>probandum</span> 
     </span>
     <span class='ocr_line' id='line_1_76' title="bbox 1428 2530 2437 2580; baseline -0.001 -13"><span class='ocrx_word' id='word_1_584' title='bbox 1428 2531 1533 2580; x_wconf 92' lang='lat' dir='ltr'>quod</span> <span class='ocrx_word' id='word_1_585' title='bbox 1555 2531 1655 2576; x_wconf 82' lang='lat' dir='ltr'>vult,</span> <span class='ocrx_word' id='word_1_586' title='bbox 1688 2531 1801 2567; x_wconf 89' lang='lat' dir='ltr'>nullis</span> <span class='ocrx_word' id='word_1_587' title='bbox 1834 2530 1979 2579; x_wconf 80' lang='lat' dir='ltr'>indiget</span> <span class='ocrx_word' id='word_1_588' title='bbox 2012 2530 2301 2579; x_wconf 81' lang='lat' dir='ltr'>experimentis,</span> <span class='ocrx_word' id='word_1_589' title='bbox 2331 2542 2437 2580; x_wconf 88' lang='lat' dir='ltr'>aeque</span> 
     </span>
     <span class='ocr_line' id='line_1_77' title="bbox 1428 2590 2437 2642; baseline -0.002 -14"><span class='ocrx_word' id='word_1_590' title='bbox 1428 2605 1602 2641; x_wconf 82' lang='lat' dir='ltr'>magnam</span> <span class='ocrx_word' id='word_1_591' title='bbox 1618 2592 1667 2628; x_wconf 55' lang='lat' dir='ltr'>&gt;in</span> <span class='ocrx_word' id='word_1_592' title='bbox 1693 2591 1809 2628; x_wconf 88' lang='lat' dir='ltr'>corde</span> <span class='ocrx_word' id='word_1_593' title='bbox 1834 2590 2046 2642; x_wconf 89' lang='lat' dir='ltr'>cujuspiam</span> <span class='ocrx_word' id='word_1_594' title='bbox 2068 2592 2105 2628; x_wconf 93' lang='lat' dir='ltr'>in</span> <span class='ocrx_word' id='word_1_595' title='bbox 2128 2604 2222 2641; x_wconf 88' lang='lat' dir='ltr'>pace</span> <span class='ocrx_word' id='word_1_596' title='bbox 2243 2590 2437 2628; x_wconf 88' lang='lat' dir='ltr'>morientis</span> 
     </span>
    </p>
   </div>
   <div class='ocr_carea' id='block_1_13' title="bbox 346 2651 2436 2704">
    <p class='ocr_par' dir='ltr' id='par_1_15' title="bbox 346 2651 2436 2704">
     <span class='ocr_line' id='line_1_78' title="bbox 346 2651 2436 2704; baseline -0.002 -13"><span class='ocrx_word' id='word_1_597' title='bbox 346 2663 528 2704; x_wconf 88' lang='lat' dir='ltr'>posuerat</span> <span class='ocrx_word' id='word_1_598' title='bbox 562 2654 822 2690; x_wconf 90' lang='lat' dir='ltr'>testimonium</span> <span class='ocrx_word' id='word_1_599' title='bbox 863 2653 909 2690; x_wconf 91' lang='lat' dir='ltr'>de</span> <span class='ocrx_word' id='word_1_600' title='bbox 944 2654 1091 2690; x_wconf 85' lang='lat' dir='ltr'>latrone</span> <span class='ocrx_word' id='word_1_601' title='bbox 1108 2682 1118 2699; x_wconf 89' lang='lat'>‚</span> <span class='ocrx_word' id='word_1_602' title='bbox 1160 2654 1362 2702; x_wconf 90' lang='lat' dir='ltr'>minusque</span> <span class='ocrx_word' id='word_1_603' title='bbox 1382 2654 1414 2687; x_wconf 96' lang='lat' dir='ltr'>D</span> <span class='ocrx_word' id='word_1_604' title='bbox 1431 2653 1582 2703; x_wconf 88' lang='lat' dir='ltr'>inspicit</span> <span class='ocrx_word' id='word_1_605' title='bbox 1602 2652 1713 2688; x_wconf 86' lang='lat' dir='ltr'>fidem</span> <span class='ocrx_word' id='word_1_606' title='bbox 1729 2682 1737 2698; x_wconf 89' lang='lat'>‚</span> <span class='ocrx_word' id='word_1_607' title='bbox 1755 2652 1940 2701; x_wconf 90' lang='lat' dir='ltr'>martyrio</span> <span class='ocrx_word' id='word_1_608' title='bbox 1957 2651 2111 2701; x_wconf 91' lang='lat' dir='ltr'>quidem</span> <span class='ocrx_word' id='word_1_609' title='bbox 2128 2665 2208 2689; x_wconf 89' lang='lat' dir='ltr'>non</span> <span class='ocrx_word' id='word_1_610' title='bbox 2224 2652 2436 2701; x_wconf 84' lang='lat' dir='ltr'>interroga-</span> 
     </span>
    </p>
   </div>
   <div class='ocr_carea' id='block_1_14' title="bbox 346 2711 1364 3184">
    <p class='ocr_par' dir='ltr' id='par_1_16' title="bbox 346 2711 1364 3184">
     <span class='ocr_line' id='line_1_79' title="bbox 346 2711 1360 2763; baseline -0.003 -12"><span class='ocrx_word' id='word_1_611' title='bbox 346 2714 530 2751; x_wconf 86' lang='lat' dir='ltr'>idoneum</span> <span class='ocrx_word' id='word_1_612' title='bbox 562 2713 609 2750; x_wconf 89' lang='lat' dir='ltr'>ad</span> <span class='ocrx_word' id='word_1_613' title='bbox 643 2711 970 2763; x_wconf 88' lang='lat' dir='ltr'>comprobandam</span> <span class='ocrx_word' id='word_1_614' title='bbox 1001 2713 1102 2749; x_wconf 91' lang='lat' dir='ltr'>illam</span> <span class='ocrx_word' id='word_1_615' title='bbox 1135 2713 1360 2750; x_wconf 88' lang='lat' dir='ltr'>sententiam</span> 
     </span>
     <span class='ocr_line' id='line_1_80' title="bbox 348 2772 1363 2822; baseline -0.001 -12"><span class='ocrx_word' id='word_1_616' title='bbox 348 2773 539 2820; x_wconf 86' lang='lat' dir='ltr'>confiteri,</span> <span class='ocrx_word' id='word_1_617' title='bbox 568 2786 613 2809; x_wconf 93' lang='lat' dir='ltr'>eo</span> <span class='ocrx_word' id='word_1_618' title='bbox 642 2772 747 2822; x_wconf 79' lang='lat' dir='ltr'>quod</span> <span class='ocrx_word' id='word_1_619' title='bbox 777 2786 866 2809; x_wconf 88' lang='lat' dir='ltr'>sane</span> <span class='ocrx_word' id='word_1_620' title='bbox 894 2773 1084 2809; x_wconf 89' lang='lat' dir='ltr'>incertum</span> <span class='ocrx_word' id='word_1_621' title='bbox 1108 2772 1154 2809; x_wconf 91' lang='lat' dir='ltr'>sit</span> <span class='ocrx_word' id='word_1_622' title='bbox 1182 2781 1363 2809; x_wconf 89' lang='lat' dir='ltr'>utrumne</span> 
     </span>
     <span class='ocr_line' id='line_1_81' title="bbox 351 2833 1364 2883; baseline 0.001 -14"><span class='ocrx_word' id='word_1_623' title='bbox 351 2834 464 2870; x_wconf 81' lang='lat' dir='ltr'>suerit</span> <span class='ocrx_word' id='word_1_624' title='bbox 480 2833 693 2883; x_wconf 86' lang='lat' dir='ltr'>baptizatus</span> <span class='ocrx_word' id='word_1_625' title='bbox 711 2833 736 2870; x_wconf 83' lang='lat'>⁵.</span> <span class='ocrx_word' id='word_1_626' title='bbox 755 2836 942 2871; x_wconf 79' lang='lat' dir='ltr'>Caeterum</span> <span class='ocrx_word' id='word_1_627' title='bbox 958 2842 1089 2870; x_wconf 88' lang='lat' dir='ltr'>senten</span> <span class='ocrx_word' id='word_1_628' title='bbox 1097 2834 1185 2870; x_wconf 91' lang='lat' dir='ltr'>tiam</span> <span class='ocrx_word' id='word_1_629' title='bbox 1200 2842 1238 2869; x_wconf 91' lang='lat' dir='ltr'>et</span> <span class='ocrx_word' id='word_1_630' title='bbox 1251 2834 1364 2870; x_wconf 88' lang='lat' dir='ltr'>auda-</span> 
     </span>
     <span class='ocr_line' id='line_1_82' title="bbox 350 2894 1364 2943; baseline 0.002 -15"><span class='ocrx_word' id='word_1_631' title='bbox 350 2902 430 2929; x_wconf 76' lang='lat' dir='ltr'>cter</span> <span class='ocrx_word' id='word_1_632' title='bbox 447 2894 703 2942; x_wconf 87' lang='lat' dir='ltr'>prosequitur,</span> <span class='ocrx_word' id='word_1_633' title='bbox 722 2902 758 2930; x_wconf 92' lang='lat' dir='ltr'>et</span> <span class='ocrx_word' id='word_1_634' title='bbox 776 2894 1036 2943; x_wconf 88' lang='lat' dir='ltr'>multipliciter</span> <span class='ocrx_word' id='word_1_635' title='bbox 1052 2894 1276 2940; x_wconf 81' lang='lat' dir='ltr'>confirmat3</span> <span class='ocrx_word' id='word_1_636' title='bbox 1294 2906 1364 2931; x_wconf 88' lang='lat' dir='ltr'>nec</span> 
     </span>
     <span class='ocr_line' id='line_1_83' title="bbox 352 2953 1360 3003; baseline 0.001 -14"><span class='ocrx_word' id='word_1_637' title='bbox 352 2953 497 3001; x_wconf 82' lang='lat' dir='ltr'>uspiam</span> <span class='ocrx_word' id='word_1_638' title='bbox 511 2981 520 2997; x_wconf 87' lang='lat'>,</span> <span class='ocrx_word' id='word_1_639' title='bbox 542 2953 613 2988; x_wconf 90' lang='lat' dir='ltr'>nisi</span> <span class='ocrx_word' id='word_1_640' title='bbox 629 2953 751 2999; x_wconf 83' lang='lat' dir='ltr'>fallor,</span> <span class='ocrx_word' id='word_1_641' title='bbox 773 2962 996 2990; x_wconf 84' lang='lat' dir='ltr'>retractasse</span> <span class='ocrx_word' id='word_1_642' title='bbox 1013 2954 1191 3003; x_wconf 88' lang='lat' dir='ltr'>reperies.</span> <span class='ocrx_word' id='word_1_643' title='bbox 1210 2957 1304 2990; x_wconf 91' lang='lat' dir='ltr'>Item</span> <span class='ocrx_word' id='word_1_644' title='bbox 1323 2953 1360 2990; x_wconf 91' lang='lat' dir='ltr'>in</span> 
     </span>
     <span class='ocr_line' id='line_1_84' title="bbox 352 3012 1359 3064; baseline 0.002 -15"><span class='ocrx_word' id='word_1_645' title='bbox 352 3013 426 3049; x_wconf 83' lang='lat' dir='ltr'>alio</span> <span class='ocrx_word' id='word_1_646' title='bbox 447 3012 532 3048; x_wconf 90' lang='lat' dir='ltr'>loco</span> <span class='ocrx_word' id='word_1_647' title='bbox 553 3013 806 3060; x_wconf 76' lang='lat' dir='ltr'>Augustinus,</span> <span class='ocrx_word' id='word_1_648' title='bbox 828 3028 913 3050; x_wconf 89' lang='lat' dir='ltr'>cum</span> <span class='ocrx_word' id='word_1_649' title='bbox 933 3014 1080 3064; x_wconf 86' lang='lat' dir='ltr'>aliquos</span> <span class='ocrx_word' id='word_1_650' title='bbox 1101 3014 1359 3064; x_wconf 80' lang='lat' dir='ltr'>praemisisset,</span> 
     </span>
     <span class='ocr_line' id='line_1_85' title="bbox 352 3072 1362 3126; baseline 0.002 -16"><span class='ocrx_word' id='word_1_651' title='bbox 352 3086 449 3123; x_wconf 90' lang='lat' dir='ltr'>quos</span> <span class='ocrx_word' id='word_1_652' title='bbox 478 3072 675 3122; x_wconf 90' lang='lat' dir='ltr'>Scriptura</span> <span class='ocrx_word' id='word_1_653' title='bbox 703 3084 976 3112; x_wconf 84' lang='lat' dir='ltr'>commemorat</span> <span class='ocrx_word' id='word_1_654' title='bbox 1003 3075 1245 3113; x_wconf 88' lang='lat' dir='ltr'>invisibiliter</span> <span class='ocrx_word' id='word_1_655' title='bbox 1277 3077 1362 3126; x_wconf 88' lang='lat' dir='ltr'>qui-</span> 
     </span>
     <span class='ocr_line' id='line_1_86' title="bbox 353 3134 1360 3184; baseline 0.004 -14"><span class='ocrx_word' id='word_1_656' title='bbox 353 3134 440 3173; x_wconf 87' lang='lat' dir='ltr'>dem</span> <span class='ocrx_word' id='word_1_657' title='bbox 456 3161 466 3179; x_wconf 91' lang='lat'>,</span> <span class='ocrx_word' id='word_1_658' title='bbox 489 3145 568 3169; x_wconf 92' lang='lat' dir='ltr'>non</span> <span class='ocrx_word' id='word_1_659' title='bbox 590 3141 715 3169; x_wconf 88' lang='lat' dir='ltr'>tamen</span> <span class='ocrx_word' id='word_1_660' title='bbox 735 3134 847 3170; x_wconf 85' lang='lat' dir='ltr'>etiam</span> <span class='ocrx_word' id='word_1_661' title='bbox 868 3135 1067 3172; x_wconf 86' lang='lat' dir='ltr'>visibiliter</span> <span class='ocrx_word' id='word_1_662' title='bbox 1085 3137 1360 3184; x_wconf 88' lang='lat' dir='ltr'>sanctificatos,</span> 
     </span>
    </p>
   </div>
   <div class='ocr_carea' id='block_1_15' title="bbox 1429 2710 2437 3183">
    <p class='ocr_par' dir='ltr' id='par_1_17' title="bbox 1429 2710 2437 3183">
     <span class='ocr_line' id='line_1_87' title="bbox 1430 2710 2437 2761; baseline -0.003 -12"><span class='ocrx_word' id='word_1_663' title='bbox 1430 2722 1528 2759; x_wconf 90' lang='lat' dir='ltr'>tam,</span> <span class='ocrx_word' id='word_1_664' title='bbox 1555 2713 1739 2761; x_wconf 74' lang='lat' dir='ltr'>martyrio</span> <span class='ocrx_word' id='word_1_665' title='bbox 1767 2720 1892 2749; x_wconf 88' lang='lat' dir='ltr'>tamen</span> <span class='ocrx_word' id='word_1_666' title='bbox 1924 2711 2127 2749; x_wconf 84' lang='lat' dir='ltr'>idoneam?</span> <span class='ocrx_word' id='word_1_667' title='bbox 2153 2712 2191 2750; x_wconf 91' lang='lat' dir='ltr'>Si</span> <span class='ocrx_word' id='word_1_668' title='bbox 2219 2710 2437 2748; x_wconf 88' lang='lat' dir='ltr'>recordatus</span> 
     </span>
     <span class='ocr_line' id='line_1_88' title="bbox 1430 2772 2435 2823; baseline -0.002 -14"><span class='ocrx_word' id='word_1_669' title='bbox 1430 2773 1544 2810; x_wconf 88' lang='lat' dir='ltr'>fuerit</span> <span class='ocrx_word' id='word_1_670' title='bbox 1564 2773 1679 2809; x_wconf 88' lang='lat' dir='ltr'>homo</span> <span class='ocrx_word' id='word_1_671' title='bbox 1692 2802 1700 2818; x_wconf 78' lang='lat'>,</span> <span class='ocrx_word' id='word_1_672' title='bbox 1723 2772 1887 2810; x_wconf 88' lang='lat' dir='ltr'>necdum</span> <span class='ocrx_word' id='word_1_673' title='bbox 1908 2785 1947 2809; x_wconf 90' lang='lat' dir='ltr'>se</span> <span class='ocrx_word' id='word_1_674' title='bbox 1967 2773 2097 2809; x_wconf 89' lang='lat' dir='ltr'>salutis</span> <span class='ocrx_word' id='word_1_675' title='bbox 2118 2773 2334 2823; x_wconf 88' lang='lat' dir='ltr'>percepisse</span> <span class='ocrx_word' id='word_1_676' title='bbox 2359 2784 2435 2820; x_wconf 82' lang='lat' dir='ltr'>my—</span> 
     </span>
     <span class='ocr_line' id='line_1_89' title="bbox 1430 2831 2435 2884; baseline -0.001 -14"><span class='ocrx_word' id='word_1_677' title='bbox 1430 2834 1586 2871; x_wconf 80' lang='lat' dir='ltr'>sterium</span> <span class='ocrx_word' id='word_1_678' title='bbox 1605 2863 1614 2879; x_wconf 91' lang='lat'>,</span> <span class='ocrx_word' id='word_1_679' title='bbox 1636 2842 1673 2870; x_wconf 91' lang='lat' dir='ltr'>et</span> <span class='ocrx_word' id='word_1_680' title='bbox 1691 2833 1825 2870; x_wconf 89' lang='lat' dir='ltr'>dolens</span> <span class='ocrx_word' id='word_1_681' title='bbox 1849 2834 2116 2884; x_wconf 85' lang='lat' dir='ltr'>poenitensque</span> <span class='ocrx_word' id='word_1_682' title='bbox 2141 2841 2222 2870; x_wconf 91' lang='lat' dir='ltr'>toto</span> <span class='ocrx_word' id='word_1_683' title='bbox 2252 2831 2435 2869; x_wconf 86' lang='lat' dir='ltr'>desiderio</span> 
     </span>
     <span class='ocr_line' id='line_1_90' title="bbox 1432 2894 2437 2945; baseline -0.002 -15"><span class='ocrx_word' id='word_1_684' title='bbox 1432 2894 1652 2944; x_wconf 79' lang='lat' dir='ltr'>expetierit,</span> <span class='ocrx_word' id='word_1_685' title='bbox 1679 2894 1745 2931; x_wconf 87' lang='lat' dir='ltr'>sed</span> <span class='ocrx_word' id='word_1_686' title='bbox 1763 2895 1912 2945; x_wconf 91' lang='lat' dir='ltr'>assequi</span> <span class='ocrx_word' id='word_1_687' title='bbox 1930 2895 2064 2931; x_wconf 88' lang='lat' dir='ltr'>mortis</span> <span class='ocrx_word' id='word_1_688' title='bbox 2087 2895 2279 2931; x_wconf 88' lang='lat' dir='ltr'>celeritate</span> <span class='ocrx_word' id='word_1_689' title='bbox 2293 2905 2437 2944; x_wconf 82' lang='lat' dir='ltr'>praeoc-</span> 
     </span>
     <span class='ocr_line' id='line_1_91' title="bbox 1431 2953 2434 3005; baseline -0.003 -14"><span class='ocrx_word' id='word_1_690' title='bbox 1431 2963 1592 3005; x_wconf 87' lang='lat' dir='ltr'>cupatus</span> <span class='ocrx_word' id='word_1_691' title='bbox 1632 2954 1873 3004; x_wconf 83' lang='lat' dir='ltr'>nequiverit3</span> <span class='ocrx_word' id='word_1_692' title='bbox 1908 2953 2107 2991; x_wconf 89' lang='lat' dir='ltr'>damnabit</span> <span class='ocrx_word' id='word_1_693' title='bbox 2143 2953 2294 2990; x_wconf 88' lang='lat' dir='ltr'>fidelem</span> <span class='ocrx_word' id='word_1_694' title='bbox 2327 2964 2434 2990; x_wconf 86' lang='lat' dir='ltr'>suum</span> 
     </span>
     <span class='ocr_line' id='line_1_92' title="bbox 1429 3012 2435 3065; baseline -0.003 -13"><span class='ocrx_word' id='word_1_695' title='bbox 1429 3017 1554 3053; x_wconf 78' lang='lat' dir='ltr'>Deus?</span> <span class='ocrx_word' id='word_1_696' title='bbox 1568 3014 1777 3060; x_wconf 88' lang='lat' dir='ltr'>damnabit,</span> <span class='ocrx_word' id='word_1_697' title='bbox 1791 3015 1962 3065; x_wconf 86' lang='lat' dir='ltr'>inquam,</span> <span class='ocrx_word' id='word_1_698' title='bbox 1976 3014 2170 3051; x_wconf 91' lang='lat' dir='ltr'>hominem</span> <span class='ocrx_word' id='word_1_699' title='bbox 2184 3026 2256 3065; x_wconf 90' lang='lat' dir='ltr'>pro</span> <span class='ocrx_word' id='word_1_700' title='bbox 2272 3026 2310 3050; x_wconf 90' lang='lat' dir='ltr'>se</span> <span class='ocrx_word' id='word_1_701' title='bbox 2326 3012 2435 3049; x_wconf 80' lang='lat' dir='ltr'>etiam</span> 
     </span>
     <span class='ocr_line' id='line_1_93' title="bbox 1429 3073 2436 3127; baseline -0.008 -13"><span class='ocrx_word' id='word_1_702' title='bbox 1429 3084 1604 3127; x_wconf 87' lang='lat' dir='ltr'>paratum</span> <span class='ocrx_word' id='word_1_703' title='bbox 1623 3075 1750 3112; x_wconf 78' lang='lat' dir='ltr'>mori?</span> <span class='ocrx_word' id='word_1_704' title='bbox 1780 3075 1920 3113; x_wconf 90' lang='lat' dir='ltr'>Paulus</span> <span class='ocrx_word' id='word_1_705' title='bbox 1939 3074 2032 3111; x_wconf 88' lang='lat' dir='ltr'>dicit</span> <span class='ocrx_word' id='word_1_706' title='bbox 2054 3089 2062 3111; x_wconf 93' lang='lat'><strong>:</strong></span> <span class='ocrx_word' id='word_1_707' title='bbox 2085 3076 2204 3110; x_wconf 86' lang='lat' dir='ltr'>Nemo</span> <span class='ocrx_word' id='word_1_708' title='bbox 2230 3081 2355 3123; x_wconf 81' lang='lat' dir='ltr'>potest</span> <span class='ocrx_word' id='word_1_709' title='bbox 2378 3073 2436 3107; x_wconf 77' lang='lat' dir='ltr'>di-</span> 
     </span>
     <span class='ocr_line' id='line_1_94' title="bbox 1429 3129 2433 3183; baseline -0.004 -11"><span class='ocrx_word' id='word_1_710' title='bbox 1429 3150 1530 3182; x_wconf 75' lang='lat' dir='ltr'>cere,</span> <span class='ocrx_word' id='word_1_711' title='bbox 1558 3138 1738 3172; x_wconf 70' lang='lat' dir='ltr'>Domitius</span> <span class='ocrx_word' id='word_1_712' title='bbox 1765 3137 1894 3179; x_wconf 76' lang='lat' dir='ltr'>lesus,</span> <span class='ocrx_word' id='word_1_713' title='bbox 1927 3136 1999 3170; x_wconf 81' lang='lat' dir='ltr'>nisi</span> <span class='ocrx_word' id='word_1_714' title='bbox 2026 3139 2065 3170; x_wconf 79' lang='lat' dir='ltr'>in</span> <span class='ocrx_word' id='word_1_715' title='bbox 2094 3136 2237 3183; x_wconf 71' lang='lat' dir='ltr'>SpI&#39;rita</span> <span class='ocrx_word' id='word_1_716' title='bbox 2261 3142 2385 3170; x_wconf 80' lang='lat' dir='ltr'>sancto</span> <span class='ocrx_word' id='word_1_717' title='bbox 2407 3129 2433 3168; x_wconf 77' lang='lat'>⁸.</span> 
     </span>
    </p>
   </div>
   <div class='ocr_carea' id='block_1_16' title="bbox 352 3269 2432 3370">
    <p class='ocr_par' dir='ltr' id='par_1_18' title="bbox 352 3269 2432 3370">
     <span class='ocr_line' id='line_1_95' title="bbox 402 3269 2432 3317; baseline -0.001 -13"><span class='ocrx_word' id='word_1_718' title='bbox 402 3277 411 3293; x_wconf 84' lang='lat'>¹</span> <span class='ocrx_word' id='word_1_719' title='bbox 431 3273 479 3301; x_wconf 82' lang='lat' dir='ltr'>De</span> <span class='ocrx_word' id='word_1_720' title='bbox 492 3269 592 3301; x_wconf 76' lang='lat' dir='ltr'>Obitu</span> <span class='ocrx_word' id='word_1_721' title='bbox 614 3269 740 3303; x_wconf 72' lang='lat' dir='ltr'>Valent.</span> <span class='ocrx_word' id='word_1_722' title='bbox 764 3280 870 3301; x_wconf 68' lang='lat' dir='ltr'>versus</span> <span class='ocrx_word' id='word_1_723' title='bbox 889 3270 995 3302; x_wconf 86' lang='lat' dir='ltr'>finem.</span> <span class='ocrx_word' id='word_1_724' title='bbox 1016 3291 1060 3294; x_wconf 86' lang='lat'><strong>—</strong></span> <span class='ocrx_word' id='word_1_725' title='bbox 1085 3278 1096 3293; x_wconf 82' lang='lat'>²</span> <span class='ocrx_word' id='word_1_726' title='bbox 1115 3277 1190 3305; x_wconf 87' lang='lat' dir='ltr'>Luc.</span> <span class='ocrx_word' id='word_1_727' title='bbox 1215 3286 1321 3312; x_wconf 77' lang='lat' dir='ltr'>xxm,</span> <span class='ocrx_word' id='word_1_728' title='bbox 1342 3277 1398 3306; x_wconf 78' lang='lat'>43.</span> <span class='ocrx_word' id='word_1_729' title='bbox 1415 3293 1459 3297; x_wconf 85' lang='lat'>——</span> <span class='ocrx_word' id='word_1_730' title='bbox 1475 3272 1488 3297; x_wconf 85' lang='lat'>3</span> <span class='ocrx_word' id='word_1_731' title='bbox 1503 3276 1597 3305; x_wconf 83' lang='lat' dir='ltr'>Rom.</span> <span class='ocrx_word' id='word_1_732' title='bbox 1622 3286 1643 3304; x_wconf 84' lang='lat' dir='ltr'>x</span> <span class='ocrx_word' id='word_1_733' title='bbox 1660 3298 1667 3311; x_wconf 91' lang='lat'><strong>‚</strong></span> <span class='ocrx_word' id='word_1_734' title='bbox 1693 3277 1743 3305; x_wconf 86' lang='lat'>10.</span> <span class='ocrx_word' id='word_1_735' title='bbox 1764 3293 1809 3297; x_wconf 37' lang='grc' dir='ltr'>-ὴ</span> <span class='ocrx_word' id='word_1_736' title='bbox 1830 3274 1843 3300; x_wconf 70' lang='grc'><strong>4</strong></span> <span class='ocrx_word' id='word_1_737' title='bbox 1858 3277 1905 3305; x_wconf 82' lang='lat' dir='ltr'>Dc</span> <span class='ocrx_word' id='word_1_738' title='bbox 1921 3273 2085 3317; x_wconf 84' lang='lat' dir='ltr'>Baptismo</span> <span class='ocrx_word' id='word_1_739' title='bbox 2108 3273 2218 3306; x_wconf 73' lang='lat' dir='ltr'>contra</span> <span class='ocrx_word' id='word_1_740' title='bbox 2233 3272 2432 3308; x_wconf 56' lang='lat' dir='ltr'>Donafflas,</span> 
     </span>
     <span class='ocr_line' id='line_1_96' title="bbox 352 3322 2431 3370; baseline -0.002 -12"><span class='ocrx_word' id='word_1_741' title='bbox 352 3325 408 3359; x_wconf 81' lang='lat' dir='ltr'>lib.</span> <span class='ocrx_word' id='word_1_742' title='bbox 426 3327 442 3356; x_wconf 78' lang='lat'>4</span> <span class='ocrx_word' id='word_1_743' title='bbox 457 3349 464 3361; x_wconf 87' lang='lat'>,</span> <span class='ocrx_word' id='word_1_744' title='bbox 487 3335 555 3366; x_wconf 88' lang='lat' dir='ltr'>cap.</span> <span class='ocrx_word' id='word_1_745' title='bbox 575 3327 617 3354; x_wconf 88' lang='grc'>22</span> <span class='ocrx_word' id='word_1_746' title='bbox 631 3346 639 3361; x_wconf 89' lang='grc'>,</span> <span class='ocrx_word' id='word_1_747' title='bbox 656 3333 688 3354; x_wconf 90' lang='lat' dir='ltr'>n.</span> <span class='ocrx_word' id='word_1_748' title='bbox 707 3326 760 3355; x_wconf 86' lang='lat'>29.</span> <span class='ocrx_word' id='word_1_749' title='bbox 778 3341 819 3345; x_wconf 89' lang='lat'><strong>—</strong></span> <span class='ocrx_word' id='word_1_750' title='bbox 839 3322 852 3345; x_wconf 85' lang='lat'>5</span> <span class='ocrx_word' id='word_1_751' title='bbox 871 3327 1008 3355; x_wconf 84' lang='lat' dir='ltr'>Retract.</span> <span class='ocrx_word' id='word_1_752' title='bbox 1029 3325 1083 3356; x_wconf 85' lang='lat' dir='ltr'>lib.</span> <span class='ocrx_word' id='word_1_753' title='bbox 1108 3330 1124 3357; x_wconf 81' lang='lat'><strong>2</strong></span> <span class='ocrx_word' id='word_1_754' title='bbox 1142 3350 1148 3363; x_wconf 91' lang='grc'>,</span> <span class='ocrx_word' id='word_1_755' title='bbox 1172 3337 1264 3370; x_wconf 87' lang='lat' dir='ltr'>capp.</span> <span class='ocrx_word' id='word_1_756' title='bbox 1290 3332 1326 3360; x_wconf 81' lang='grc'>18</span> <span class='ocrx_word' id='word_1_757' title='bbox 1344 3353 1351 3366; x_wconf 82' lang='grc'>,</span> <span class='ocrx_word' id='word_1_758' title='bbox 1370 3333 1424 3360; x_wconf 76' lang='grc'>55.</span> <span class='ocrx_word' id='word_1_759' title='bbox 1445 3347 1489 3352; x_wconf 90' lang='lat'>—-</span> <span class='ocrx_word' id='word_1_760' title='bbox 1507 3326 1523 3350; x_wconf 77' lang='lat'><strong>⁶</strong></span> <span class='ocrx_word' id='word_1_761' title='bbox 1540 3331 1657 3369; x_wconf 71' lang='lat' dir='ltr'>Quast.</span> <span class='ocrx_word' id='word_1_762' title='bbox 1675 3328 1704 3358; x_wconf 86' lang='lat' dir='ltr'>in</span> <span class='ocrx_word' id='word_1_763' title='bbox 1728 3328 1919 3367; x_wconf 68' lang='lat' dir='ltr'>Lex-tticum,</span> <span class='ocrx_word' id='word_1_764' title='bbox 1945 3334 2054 3370; x_wconf 72' lang='lat' dir='ltr'>qua‘st.</span> <span class='ocrx_word' id='word_1_765' title='bbox 2076 3331 2131 3360; x_wconf 73' lang='lat'>8⁷⁴.</span> <span class='ocrx_word' id='word_1_766' title='bbox 2148 3346 2192 3350; x_wconf 89' lang='lat'><em>-</em></span> <span class='ocrx_word' id='word_1_767' title='bbox 2207 3333 2220 3358; x_wconf 93' lang='lat'>7</span> <span class='ocrx_word' id='word_1_768' title='bbox 2236 3329 2336 3359; x_wconf 85' lang='lat' dir='ltr'>Marc.</span> <span class='ocrx_word' id='word_1_769' title='bbox 2355 3336 2431 3362; x_wconf 74' lang='lat' dir='ltr'>xvi,</span> 
     </span>
    </p>
   </div>
   <div class='ocr_carea' id='block_1_17' title="bbox 360 3378 753 3419">
    <p class='ocr_par' dir='ltr' id='par_1_19' title="bbox 360 3378 753 3419">
     <span class='ocr_line' id='line_1_97' title="bbox 360 3378 753 3419; baseline -0.01 -8"><span class='ocrx_word' id='word_1_770' title='bbox 360 3384 409 3419; x_wconf 66' lang='lat'>10.</span> <span class='ocrx_word' id='word_1_771' title='bbox 432 3398 472 3401; x_wconf 45' lang='lat'>*-</span> <span class='ocrx_word' id='word_1_772' title='bbox 491 3378 622 3410; x_wconf 69' lang='lat' dir='ltr'>⁸1C0r·</span> <span class='ocrx_word' id='word_1_773' title='bbox 641 3388 691 3408; x_wconf 78' lang='lat' dir='ltr'>xit</span> <span class='ocrx_word' id='word_1_774' title='bbox 707 3401 714 3415; x_wconf 85' lang='lat'>‚</span> <span class='ocrx_word' id='word_1_775' title='bbox 735 3380 753 3408; x_wconf 77' lang='lat'><strong>3</strong></span> 
     </span>
    </p>
   </div>
  </div>
 </body>
</html>
