2565 3952
1026 186 1290 222 EPISTOLAE.

1125 261 1155 280 (37

98 335 1122 359 ======================================================================

273 453 651 516 EPISTULA
708 450 946 508 LXVI:

153 604 198 626 AD
228 597 445 626 cistrmnmt
475 594 642 618 ABBATEM
683 592 1009 618 saxon-smmum
1027 579 1056 618 b.

100 709 237 748 Operam
251 702 317 745 ejus
332 699 463 742 requirit
479 698 511 730 in
524 694 758 728 reconciliando
774 694 834 726 sibi
849 695 964 728 abbate
978 697 1088 728 Alviso
1110 707 1117 728 :

305 756 424 788 solatur
437 753 584 786 eumdem
598 751 630 782 in
644 749 914 784 tribulationibus.

101 871 253 905 Domno
269 866 467 904 GAtrmno
483 858 611 898 abbati
627 858 988 906 Sancti-Me‹la1·di*‚
1004 859 1120 896 frater

151 930 377 964 BER-smnus
419 922 587 960 ecclesiae
623 921 883 959 Clarae-Vallis
917 919 1119 957 ordinator

152 985 431 1038 incompositus
446 1013 456 1031 ,
475 983 656 1031 salutem,
678 991 717 1020 et
741 995 820 1020 non
836 982 877 1019 in
906 981 979 1019 via.

150 1102 280 1140 Primo
308 1113 448 1152 precor
475 1108 518 1136 ut
549 1106 758 1150 praesentes
793 1097 939 1134 litteras
973 1096 1118 1134 domno

101 1162 228 1201 abbati
250 1160 491 1212 Aquiscincti
511 1159 734 1196 monasterii
752 1158 918 1207 dirigere
937 1171 1015 1194 non
1032 1170 1120 1207 gra-

99 1224 213 1261 veris.
247 1222 416 1268 Deinde,
448 1229 492 1258 ut
527 1220 575 1257 ad
615 1220 654 1256 id
682 1219 788 1269 quod
826 1227 984 1269 portant
998 1248 1008 1265 ,
1046 1233 1118 1269 pro

98 1283 256 1321 absente
272 1282 395 1320 amico
416 1293 585 1331 praesens
607 1288 753 1329 satagas
775 1292 860 1316 cum
887 1279 1037 1315 venerit
1060 1280 1120 1316 lo—

101 1358 179 1382 cus.
195 1348 328 1393 'Neque
342 1342 444 1379 enim
464 1339 671 1390 cujuslibet
683 1369 692 1386 ,
709 1339 851 1376 nedum
872 1339 965 1375 tanti
982 1340 1115 1389 patris,

93 1403 239 1454 justum
259 1402 497 1452 injustumve
513 1400 718 1438 adversum
738 1413 798 1436 me
820 1399 943 1436 debeo
958 1399 1117 1436 scanda-

98 1465 176 1502 lum
199 1463 467 1500 dissimulare:
490 1461 597 1511 quod
621 1474 735 1511 quam
764 1473 843 1498 non
872 1460 1027 1506 faciam,
1058 1461 1117 1497 lo-

97 1538 219 1576 quens
239 1524 368 1575 potius
389 1537 503 1574 quam
523 1521 712 1568 scribens,
733 1523 768 1558 ei
786 1521 936 1572 aperire
957 1521 1116 1558 forsitan

97 1586 318 1638 potuissem.
344 1588 440 1622 Nam
466 1584 563 1621 solet
583 1584 624 1620 in
654 1583 792 1620 talibus
817 1583 1011 1633 acceptior
1034 1596 1116 1620 esse

98 1660 222 1685 sermo
246 1646 356 1683 vivus
372 1659 488 1695 quam
509 1645 694 1695 scriptus,
716 1653 754 1681 et
774 1644 968 1681 efficacior
986 1644 1117 1694 lingua

98 1722 212 1759 quam
233 1708 372 1745 littera.
397 1706 507 1745 Oculi
529 1706 674 1756 quippe
697 1705 891 1755 loquentis
915 1705 1029 1742 fidem
1058 1705 1116 1741 fa-

97 1769 202 1807 ciunt
228 1768 362 1815 dictis;
380 1780 451 1804 nec
475 1767 527 1804 ita
548 1775 675 1817 potest
695 1766 875 1803 affectum
898 1766 1117 1816 exprimere

1357 449 1734 506 EPISTOLA
1780 449 2040 508 LXVII?

1395 590 1442 612 AD
1471 589 1671 613 MONACHOS
1702 578 2010 614 FLAVIACENSES*.

1186 692 1423 734 Susceptionem
1445 693 1481 722 B.
1506 690 1654 722 monachi
1673 697 1789 728 tuetur,
1803 696 1954 733 tanquam
1968 692 2006 724 de
2028 693 2134 735 ignoto
2149 694 2207 725 sibi

1234 748 1385 779 hactenus
1398 747 1590 778 monasterio
1601 770 1608 784 ,
1623 753 1654 778 et
1672 747 1771 790 justas
1787 745 1827 777 ob
1842 757 1949 778 causas
1963 747 2161 780 discedentis.

1186 855 1357 894 Domino
1395 857 1442 891 H.
1480 854 1583 892 Patri
1612 853 1868 892 Flaviacensis
1889 854 1905 869 *
1944 855 2140 904 ecclesiae,
2175 865 2212 893 ct

1240 915 1423 954 fratribus
1455 916 1523 965 qui
1559 928 1647 952 cum
1676 928 1722 952 eo
1757 924 1871 963 sunt,
1904 916 2040 954 fratres
2071 917 2138 968 qui
2173 917 2211 953 in

1241 977 1483 1016 Clara-Valle
1501 984 1612 1025 sunt,
1629 976 1804 1014 salutem.

1244 1101 1278 1138 1.
1296 1099 1423 1138 Lectis
1450 1098 1586 1136 litteris
1613 1099 1775 1145 vestris,
1808 1107 1977 1137 vestram
2010 1103 2211 1138 Reveren-

1187 1161 1279 1198 tiam
1312 1169 1474 1212 propter
1510 1160 1717 1210 quemdam
1748 1161 1982 1198 monachum
2011 1161 2077 1211 qui
2107 1161 2210 1212 apud

1185 1236 1256 1260 nos
1276 1232 1352 1268 est,
1377 1223 1640 1259 contristatam
1669 1223 1934 1272 cognovimus.
1958 1226 2015 1260 De
2040 1236 2116 1272 qua
2143 1236 2212 1259 ve-

1187 1292 1265 1320 stra
1286 1283 1437 1320 tristitia
1461 1297 1532 1319 nos
1556 1296 1712 1332 quoque
1734 1283 1950 1319 contristati
1982 1296 2136 1328 sumus,
2161 1283 2209 1319 ti-

1186 1352 1334 1380 mentes
1352 1356 1400 1381 ne
1422 1356 1500 1380 non
1528 1342 1575 1379 sit
1595 1343 1659 1378 illa
1683 1343 1834 1379 tristitia
1848 1371 1857 1388 ,
1876 1341 1922 1378 de
1947 1356 2023 1391 qua
2045 1341 2207 1391 quibus—

1184 1404 1273 1441 dam
1295 1403 1444 1440 dicebat
1465 1404 1677 1454 Apostolus
1708 1418 1715 1440 :
1750 1403 1970 1439 Contristati
1991 1407 2090 1438 enlm
2124 1408 2212 1439 estis

1183 1466 1390 1500 secundam
1414 1466 1534 1499 Deum
1555 1470 1581 1500 2.
1601 1466 1697 1500 Nam
1718 1463 1748 1500 si
1767 1463 1981 1500 secundum
2005 1466 2133 1500 Deum
2155 1477 2211 1501 es-

1184 1533 1260 1572 sct,
1281 1538 1360 1561 non
1378 1538 1500 1574 usque
1525 1523 1622 1560 adeo
1641 1538 1710 1561 vos
1734 1525 2028 1569 commovisset,
2055 1533 2098 1561 ut
2114 1539 2185 1562 nos
2198 1555 2209 1573 ,

1183 1587 1254 1624 etsi
1268 1586 1380 1624 vobis
1402 1587 1555 1636 ignotos
1572 1616 1582 1633 ,
1606 1587 1743 1624 fratres
1769 1595 1896 1623 tamen
1924 1595 2092 1633 vestros,
2115 1595 2153 1623 et
2177 1587 2207 1624 si

1183 1648 1311 1698 placet
1348 1647 1514 1694 amicos,
1551 1661 1649 1696 quos
1697 1647 1865 1684 necdum
1898 1648 1959 1683 vel
1998 1656 2208 1698 praesentes

1183 1707 1304 1745 verbo
1326 1708 1594 1745 conveneratis
1609 1737 1618 1754 ,
1648 1708 1710 1744 vel
1737 1707 1914 1745 absentes
1936 1708 2079 1757 scripto
2110 1721 2211 1758 prze—

1185 1769 1445 1815 monueratis,
1470 1769 1540 1806 liae
1566 1768 1694 1819 prima
1720 1769 1803 1805 vice
1833 1777 1909 1805 tam
1940 1767 2092 1815 subito,
2133 1777 2210 1805 tam

99 1830 255 1880 digitus,
273 1828 472 1880 quomodo
492 1828 633 1865 vultus.
658 1831 768 1865 Nunc
789 1836 917 1864 autem
942 1827 1032 1877 quia
1050 1826 1119 1864 ab·
1138 1829 1164 1866 C
1184 1831 1323 1868 acriter
1343 1830 1566 1879 argueretis.
1586 1829 1804 1875 Miramini,
1823 1838 1863 1865 ut
1884 1827 2073 1875 scribitis,
2106 1829 2211 1878 quod

99 1904 184 1928 sens
218 1903 288 1941 per
324 1903 385 1926 nie
420 1903 501 1926 non
528 1902 687 1940 possum
703 1917 712 1934 ‚
750 1902 820 1939 per
851 1897 887 1925 te
926 1889 1117 1925 satisfacio

101 1958 285 2002 quantum
304 1963 475 2001 possum.
495 1954 605 2000 Rogo
624 1964 715 2000 ergo
734 1959 782 1997 te,
798 1959 835 1987 et
852 1950 991 1987 iterum
1010 1962 1119 1999 rogO‚

100 2021 141 2050 ut
159 2012 219 2063 de.
235 2025 354 2062 regno
377 2011 474 2058 Dei,
499 2011 605 2061 quod
631 2020 688 2048 est
707 2011 887 2048 videlicet
909 2012 1008 2047 intra
1026 2023 1119 2056 nos,

41 2117 48 2120 .
99 2073 319 2111 scandalum
341 2072 510 2119 auferas,
534 2071 625 2109 dum
641 2071 846 2109 salubriter
862 2080 973 2122 potes
996 2086 1003 2108 :
1024 2084 1072 2107 ne
1091 2070 1121 2107 si

101 2133 235 2187 (quod
255 2132 379 2185 absit)
400 2146 523 2183 usque
545 2132 593 2169 ad
621 2133 810 2182 Angelos,
835 2133 901 2182 qui
920 2133 1055 2182 utique
1077 2131 1118 2168 in

99 2195 172 2232 fine
201 2194 329 2231 saeculi
357 2194 397 2230 in
422 2193 462 2230 id
495 2193 699 2230 ministerii
729 2193 941 2243 deputandi
972 2200 1089 2230 sunt1
1107 2220 1117 2238 ,

97 2254 366 2305 perduraverit
381 2268 542 2300 rancor,
566 2267 721 2291 necesse
745 2254 793 2291 sit
813 2253 1118 2291 irrevocabiliter

98 2324 163 2353 aut
179 2315 331 2362 ambos,
353 2324 419 2353 aut
441 2315 603 2352 alterum
622 2329 644 2352 a
668 2314 782 2352 nobis
801 2315 848 2351 de
868 2315 996 2351 medio
1021 2316 1115 2353 tolli.

74 2377 210 2433 ⁸Unde
242 2385 370 2414 autem
403 2376 451 2414 ad
482 2389 543 2413 me
576 2385 617 2413 tu
644 2375 876 2426 jamdudum
910 2376 1116 2425 scripsisti,

81 2434 371 2487 ‘conquerendo
392 2449 509 2487 super
534 2435 850 2473 tribulationibus
868 2437 1024 2483 vestri53
1043 2436 1118 2473 sci-

101 2496 144 2534 tis
160 2497 247 2547 quia
259 2497 370 2547 juxta
386 2506 443 2534 est
458 2498 648 2534 Dominus
662 2497 720 2533 his
741 2497 808 2547 qui
826 2495 1010 2533 tribulato
1030 2505 1119 2533 sunt

99 2557 224 2595 corde.
244 2562 302 2596 De
319 2558 406 2608 ipso
427 2558 630 2605 confidite,
655 2558 745 2608 quia
770 2559 853 2608 ipse
877 2558 971 2595 vicit
1001 2571 1120 2595 mun-

99 2617 201 2654 dum.
226 2622 314 2669 Ipse
343 2619 413 2655 scit
430 2619 534 2655 inter
555 2632 652 2669 quos
673 2618 852 2656 habitatis
866 2648 876 2666 ,
901 2627 938 2655 et
962 2619 1001 2655 in
1023 2633 1118 2656 con-
1137 2620 1170 2654 D

99 2686 230 2728 spectu
250 2677 333 2728 ejus
350 2688 440 2716 sunt
462 2693 598 2717 omnes
622 2680 689 2730 qui
717 2679 903 2716 tribulant
924 2693 1005 2717 vos.
1028 2684 1116 2731 Ipse

98 2740 274 2777 exaudiet
306 2754 376 2778 vos
413 2741 455 2777 in
486 2740 715 2778 abscondito
752 2741 1014 2791 tempestatis,
1050 2742 1117 2792 qui

100 2813 199 2838 nunc
223 2800 363 2852 probat
380 2801 428 2838 ad
448 2815 567 2852 aquas
591 2801 922 2839 contradictionis.
944 2803 1088 2840 Valcte.

1188 1893 1343 1929 fratrem
1376 1890 1627 1928 Benedictum
1653 1889 1671 1913 ‘¹
1711 1891 1976 1941 suscepimus3
2014 1890 2213 1927 minamini

1187 1953 1260 1990 nisi
1291 1966 1379 1989 eum
1405 1950 1515 1988 vobis
1553 1951 1629 1987 cito
1665 1951 1958 1988 restituerimus.
1988 1950 2210 2000 Proponitis

1188 2014 1301 2052 nobis
1329 2013 1376 2050 de
1402 2014 1571 2063 Regula,
1601 2013 1647 2049 dc
1678 2021 1772 2049 noto
1803 2012 2039 2049 monasterio
2073 2025 2211 2048 mona-

1189 2075 1303 2111 chum
1326 2087 1405 2110 non
1434 2072 1721 2124 suscipiendum
1743 2072 1770 2120 3,
1800 2086 1873 2123 pro
1897 2073 2087 2110 constanti
2108 2073 2212 2109 scili-

1187 2144 1247 2173 cet
1278 2134 1464 2172 habentes
1486 2143 1658 2171 vestrum
1690 2147 1773 2171 non
1803 2147 1884 2171 esse
1916 2135 2103 2183 ignotum.
2138 2133 2211 2170 Sed

1187 2196 1280 2247 quid
1301 2196 1332 2232 si
1360 2196 1442 2233 aliis
1465 2203 1624 2242 notum,
1657 2194 1870 2231 dummodo
1900 2193 2013 2231 nobis
2036 2194 2211 2243 ignotum

1186 2258 1262 2294 sit?
1279 2257 1359 2294 Etsi
1373 2256 1474 2293 enim
1490 2285 1500 2303 ,
1522 2264 1564 2292 ut
1582 2255 1701 2292 verba
1718 2256 1800 2305 ipsa
1818 2264 1945 2292 vestra
1965 2268 2107 2305 ponam
2120 2284 2130 2301 ,
2149 2267 2212 2291 re-

1185 2317 1338 2367 ligion-is
1356 2325 1493 2354 vestrae
1515 2330 1553 2353 se
1576 2316 1672 2353 adeo
1696 2316 1795 2352 sama
1815 2315 2018 2361 effuderit,
2039 2324 2081 2352 ut
2097 2316 2211 2352 etiam

1185 2382 1319 2415 Romae
1354 2377 1525 2414 ecclesiae
1550 2386 1687 2414 vestrae
1716 2376 1905 2413 habeatur
1933 2377 2071 2413 notitia
2103 2391 2111 2413 z
2142 2389 2213 2412 nos

1188 2447 1334 2484 tamen,
1357 2438 1423 2488 qui
1447 2438 1580 2488 utique
1603 2438 1768 2474 multum
1789 2438 1885 2474 citra
1908 2441 2072 2475 Romam
2095 2437 2212 2488 positi

1186 2512 1343 2546 sumus,
1366 2499 1497 2535 nescio
1534 2512 1611 2548 quo
1633 2507 1746 2548 pacto
1771 2498 1823 2534 ita
1848 2499 2059 2548 praeteriit,
2086 2507 2128 2534 ut
2160 2511 2208 2535 ne

1186 2561 1301 2598 unius
1322 2561 1478 2610 quidem
1496 2569 1664 2597 vestrum
1680 2589 1689 2605 ,
1717 2559 1866 2596 abbatis
1885 2560 2029 2596 scilicet
2048 2560 2109 2596 vel
2126 2573 2210 2596 mo-

1187 2623 1422 2668 nachorum,
1445 2635 1524 2658 non
1548 2621 1666 2672 ipsius
1684 2629 1820 2657 vestrae
1838 2619 2108 2666 habitationis,
2131 2633 2211 2656 non

1186 2683 1382 2732 religionis
1403 2697 1445 2719 ac
1467 2681 1794 2727 conversationis,
1814 2694 1936 2730 usque
1956 2681 2003 2718 ad
2022 2681 2096 2717 hoc
2117 2689 2210 2717 tem-

1185 2757 1258 2794 pus
1276 2744 1338 2780 vel
1363 2752 1518 2780 tenuem
1540 2743 1717 2780 notitiam
1744 2740 2018 2788 habuerimus3
2046 2741 2113 2778 sed
2140 2754 2212 2778 nec

1186 2805 1356 2854 aliquam
1385 2803 1594 2855 aliquando
1624 2802 1862 2840 mentionem
1883 2801 1995 2841 nobis
2027 2801 2074 2839 de
2098 2801 2210 2840 vobis

149 2933 157 2947 ¹
176 2930 276 2960 Marc.
291 2940 358 2959 ΜΠ
370 2953 377 2967 ,
393 2922 453 2961 ⁴27.
472 2948 518 2952 ——
532 2936 544 2951 2
563 2932 594 2960 11
611 2931 683 2961 Cor.
703 2940 753 2959 vn
769 2953 776 2966 ,
795 2933 826 2961 9.
842 2947 884 2951 —
902 2927 915 2950 3
934 2933 1012 2972 Reg.
1030 2933 1062 2962 S.
1082 2930 1265 2970 Benedicti,
1283 2942 1354 2974 cap.
1374 2935 1429 2963 01.
1697 2935 1712 2951 ⁸
1730 2931 1852 2974 Scripta
1872 2930 1954 2962 circa
1973 2941 2091 2961 annum
2112 2931 2212 2961 1129.

145 2975 161 2998 ¹¹
185 2982 269 3014 Editi
289 2993 325 3014 ac
339 2983 448 3026 scripti
465 2990 580 3026 praeter
594 2995 693 3014 unum
711 2984 804 3025 (quos
818 2984 946 3025 quidem
961 2984 1147 3027 viderimus)
1166 2996 1275 3016 omnes
1290 2985 1409 3017 habeut
1422 3010 1429 3024 ,
1451 2987 1485 3016 S.
1507 2983 1691 3016 Theoderici
1707 2996 1717 3015 .·
1735 2991 1765 3015 at
1782 2984 1949 3026 legendum
1961 3009 1968 3023 ‚
1986 2988 2017 3015 S.
2037 2982 2198 3018 ,nodat-di,

99 3042 130 3067 ut
151 3036 181 3067 in
195 3037 302 3068 codice
315 3037 518 3077 Corbeiensi,
538 3049 577 3069 ex
598 3049 660 3080 quo
678 3045 862 3080 sequentem
880 3039 1116 3081 inscriptionem
1139 3040 1221 3081 (quae
1239 3040 1308 3070 aliis
1326 3040 1431 3077 deest,
1448 3045 1660 3081 praeterquam
1679 3040 1711 3070 in
1726 3038 1883 3081 spicilegii
1897 3045 1983 3070 tomo
2003 3038 2051 3079 3),
2068 3037 2189 3069 restitui
2202 3050 2211 3055 -

99 3100 166 3121 mus
185 3100 192 3121 :
215 3091 343 3121 Damno
360 3098 421 3123 etc.
447 3095 486 3124 Et
505 3092 632 3134 quidem
656 3092 727 3123 licet
748 3092 872 3134 utrique
900 3093 1063 3130 coenobio,
1092 3104 1206 3135 nempe
1232 3095 1264 3124 S.
1285 3092 1433 3126 Medardi
1459 3092 1545 3135 apud
1569 3093 1772 3130 Suessionas,
1795 3098 1827 3123 et
1851 3094 1883 3123 S.
1905 3091 2092 3124 Theoderici
2111 3101 2212 3133 prope¹

99 3145 214 3175 Remos
231 3169 237 3182 ‚
258 3144 430 3176 successive
449 3145 612 3188 praesuerit
630 3145 801 3177 Gaufridus
816 3157 823 3183 ;
847 3145 945 3177 abbas
960 3153 1065 3177 tamen
1079 3149 1110 3178 S.
1132 3146 1279 3178 Medardi
1299 3152 1367 3177 erat
1385 3152 1454 3177 tum
1468 3170 1475 3184 ‚
1492 3156 1563 3177 cum
1580 3145 1647 3177 hzec
1661 3146 1793 3189 epistola
1809 3145 1925 3187 scripta
1947 3151 2005 3176 est.
2028 3144 2150 3185 Scripta
2162 3149 2208 3173 est

98 3203 201 3228 autem
217 3198 228 3237 (
242 3204 275 3229 ut
290 3209 330 3229 ex
348 3198 553 3240 epistolarum
572 3198 650 3230 serie
676 3198 859 3239 intelligitur
872 3200 883 3238 )
898 3205 970 3231 autc
990 3211 1109 3232 annum
1131 3204 1143 3232 1
1158 3204 1215 3233 131
1239 3212 1302 3242 quo
1319 3207 1445 3232 evectus
1462 3207 1507 3232 est
1525 3200 1696 3232 Gauii-idus
1712 3201 1744 3230 in
1761 3200 1977 3242 episcopatum
1995 3198 2203 3229 Catalauneu-

99 3259 163 3281 seui
181 3260 218 3281 ex
235 3250 362 3283 abbatia
379 3255 411 3283 S.
434 3252 582 3296 Medardi
596 3277 603 3290 ‚
621 3252 670 3283 cui
691 3252 730 3283 ab
748 3263 832 3283 auno
854 3256 861 3283 1
879 3258 885 3283 t
903 3256 939 3284 19
963 3253 1131 3296 pra-fuerat
1148 3261 1216 3296 post
1232 3266 1332 3285 anuos
1349 3260 1419 3285 octo
1436 3254 1595 3296 regiminis
1610 3254 1695 3295 apud
1715 3256 1746 3284 S.
1767 3251 2011 3284 Theodericum.

144 3315 158 3330 ὓ
175 3311 293 3352 Scripta
307 3311 388 3342 circa
406 3322 523 3343 annum
547 3316 644 3343 1125.
662 3332 706 3335 —
725 3312 738 3333 ‘¹
751 3316 785 3343 In
802 3312 892 3343 editis
910 3337 917 3350 ,
940 3316 986 3350 (ές

100 3361 149 3394 bet
169 3364 266 3396 codex
289 3365 487 3397 Corbeieusis
510 3367 636 3409 optima¹
660 3373 741 3397 nota·
757 3392 763 3403 ‚

1012 3320 1043 3345 at
1061 3315 1090 3345 in
1108 3315 1230 3356 scriptis
1246 3325 1308 3344 non
1326 3313 1431 3356 paucis
1443 3338 1450 3349 ‚
1473 3317 1507 3344 B.
1526 3316 1647 3344 Yomeu
1670 3313 1823 3353 integrum
1841 3336 1848 3347 ‚
1871 3309 2074 3340 Benedictmn
2091 3333 2097 3343 ,
2125 3309 2210 3340 cxlii-

795 3379 833 3398 νς
860 3379 922 3409 quo
947 3369 1039 3399 ctiam
1064 3375 1222 3410 sequentis
1245 3368 1384 3410 epistola*
1402 3367 1637 3409 iiis‹·1·}pt{‹mem
1655 3372 1769 3407 prater
1786 3365 1861 3395 alias
1888 3362 2089 3394 restituimus.
