2517 3936
85 218 184 254 1169
734 225 1010 260 ADMONI'HO
1040 225 1087 258 IN
1119 225 1416 262 OPLSCULL'M
1447 228 1505 262 lv.
2054 234 2153 269 ΗΠ)

87 313 102 327 2.
136 293 325 345 simplicis
346 301 685 350 transgressionis,
712 318 727 331 »ι
750 314 789 337 ιι.
814 301 878 338 26.
911 300 1097 338 Tertium
1123 299 1295 351 denique
1325 311 1382 339 est
1399 332 1407 347 ,
1432 303 1470 338 in
1501 316 1546 340 eo
1574 302 1728 342 differre
1747 315 2018 358 contemptum
2038 323 2059 346 a
2078 324 2153 348 ne-

84 358 234 411 glectu,
257 379 274 394 «
294 360 405 412 quod
430 362 630 415 neglectus
649 363 814 415 quidam
848 363 1016 416 languor
1048 365 1196 403 inertiae
1229 374 1284 402 est
1307 382 1316 402 :
1350 376 1598 417 contemptus
1622 382 1714 406 vero
1744 371 1932 420 superbiae
1960 383 2105 420 tumor,
2134 393 2150 407 v·

83 439 123 463 n.
160 427 206 463 18
221 455 230 472 ,
253 445 269 459 u
292 426 509 466 voluntatis
544 428 715 480 superba
737 431 958 476 contentio,
984 448 1000 462 »
1026 429 1197 467 nolentis
1227 429 1414 468 mandato
1443 433 1685 481 acquiescere
1700 463 1708 479 ,
1729 448 1769 470 ιι.
1800 437 1864 473 26.
1888 436 2064 487 Denique
2083 457 2099 471 u
2122 440 2151 475 si

86 508 102 524 n
134 504 346 542 possumus
365 502 404 531 et
422 493 631 537 nolumus,
654 494 815 546 superbi
843 509 981 532 sumus
997 525 1005 541 ,
1031 513 1048 528 υ
1067 510 1108 533 ιι.
1128 497 1172 533 31
1192 525 1200 541 ,
1231 509 1273 532 ac
1292 509 1364 545 per
1391 495 1464 533 hoc
1484 506 1734 547 contemptus
1755 499 1823 535 rei.
1848 517 1863 531 «
1891 499 1981 537 Non
2001 515 2106 552 ergo,
2132 521 2148 534 ι»

81 557 213 608 inquit
231 572 272 595 n.
298 559 372 606 26,
407 578 424 593 «
449 559 753 611 qualiscumque
778 560 956 598 mandati
985 562 1198 611 praeteritio
1229 560 1472 599 criminalem
1512 562 1601 599 facit
1632 562 1963 609 inobedientiam;
1999 566 2065 602 sed
2096 580 2154 604 re-

86 639 104 656 »
135 637 338 675 pugnare,
362 624 431 664 sed
455 625 560 664 nolle
582 625 763 673 obedire,
788 644 804 658 »
826 627 1043 677 praesertim
1066 626 1136 664 ubi
1155 636 1192 665 ct
1214 636 1476 677 praeceptum,
1501 636 1538 665 et
1558 640 1680 677 poenae
1700 627 1921 665 remedium
1940 631 2151 679 respuitur.

134 689 172 726 7.
204 688 256 727 Et
278 688 360 728 haec
378 692 542 729 omnino
566 700 624 729 est
642 692 763 729 sancti
784 691 952 730 Thomae
972 691 1149 729 doctrina
1167 694 1204 739 2,
1227 695 1265 739 2,
1285 701 1421 743 quaest.
1448 694 1512 738 86,
1534 702 1607 730 art.
1632 695 1670 739 9,
1694 702 1780 731 tum
1801 695 1839 730 in
1868 707 2043 744 corpore,
2066 703 2153 732 tum

81 755 123 792 in
148 756 402 807 responsione
424 756 475 795 ad
495 758 696 809 primum,
727 758 767 795 in
787 771 868 808 qua
891 767 969 795 tres
1001 767 1093 795 sunt
1114 766 1269 808 partes:
1292 771 1465 808 quarum
1493 760 1621 810 prima
1643 769 1698 797 est
1719 759 1766 797 de
1787 759 2043 797 observantiis
2072 759 2156 797 Re·—

79 819 179 873 gulae
199 819 240 860 S.
264 821 486 870 Benedicti;
507 823 630 862 altera
653 823 702 862 de
724 823 996 869 observantiis,
1015 822 1190 874 quarum
1208 826 1460 876 transgressio
1480 838 1526 862 ex
1547 825 1725 863 condicto
1748 825 1895 877 obligat
1912 825 1961 862 acl
1976 824 2151 871 veniale;

80 887 195 925 tertia
215 886 265 926 de
284 890 440 928 statutis
453 889 612 928 Ordinis
625 890 798 928 fratrum
813 888 1121 927 praedicatorum
1137 920 1145 935 ,
1167 903 1256 940 quae
1276 904 1322 927 ex
1340 889 1493 941 speciali
1511 890 1685 941 quodam
1700 892 1909 929 constituto
1928 889 1979 928 ad
1996 903 2153 940 pcenam

78 961 235 991 tantum
255 953 445 1007 obligant.
468 955 604 993 Prima
624 969 715 1007 pars
738 956 789 993 sic
808 954 956 992 habet:
986 973 1003 988 «
1025 954 1086 991 Ad
1103 956 1282 1006 primum
1303 969 1395 1008 ergo
1415 955 1650 1004 dicendum,
1683 956 1792 1008 qnod
1814 956 1879 993 ille
1902 956 1970 1006 qui
1990 956 2153 1006 profite-

81 1035 99 1051 »
131 1026 198 1056 tur
224 1018 441 1072 Regulam,
468 1035 549 1058 non
569 1030 685 1059 vovet
714 1033 869 1058 servare
891 1020 1027 1057 onmia
1046 1034 1133 1070 quae
1158 1030 1251 1058 sunt
1278 1022 1318 1058 in
1345 1021 1522 1073 Regula;
1549 1022 1617 1065 sed
1639 1032 1755 1061 vovet
1774 1021 1992 1074 regularem
2014 1022 2150 1066 vitam,

82 1100 98 1117 »
131 1098 219 1135 quae
240 1086 360 1124 etiam
380 1087 554 1124 consistit
571 1087 611 1124 in
634 1085 764 1125 tribus
782 1084 975 1137 praedictis
997 1086 1282 1137 principalibus
1301 1089 1417 1125 votis.
1448 1087 1563 1126 [nde
1584 1098 1622 1126 et
1646 1089 1686 1125 in
1706 1087 1947 1139 quibusdam
1974 1085 2153 1137 Religio-

82 1166 98 1182 »
131 1148 250 1188 nibus
271 1152 425 1189 cautius
450 1151 574 1203 aliqui
596 1152 851 1203 profitentur,
871 1165 951 1189 non
975 1150 1141 1203 quidem
1162 1151 1358 1204 Regulam
1371 1183 1379 1199 ‚
1400 1152 1467 1190 sed
1483 1154 1613 1191 vivere
1633 1152 1850 1191 secundum
1871 1150 2081 1203 Regulam,
2112 1150 2153 1188 id

83 1233 100 1248 υ
133 1225 192 1254 est
219 1216 381 1256 tendere
409 1217 568 1266 adhoc,
598 1227 645 1256 ut
667 1217 812 1270 aliquis
840 1231 969 1256 mores
997 1231 1088 1256 suos
1109 1217 1293 1256 informet
1315 1218 1533 1257 secundum
1564 1218 1781 1271 Regulam,
1812 1219 1909 1256 sicut
1932 1215 2151 1254 secundum

80 1299 97 1315 »
129 1280 334 1333 quoddam
351 1283 567 1336 exemplar.
593 1284 644 1322 Et
662 1284 737 1323 hoc
763 1283 918 1322 tollitur
935 1297 1008 1335 per
1037 1292 1327 1335 contemptum.
1350 1300 1366 1315 ι»
1391 1284 1442 1323 Et
1463 1284 1545 1324 haec
1565 1296 1622 1324 est
1640 1287 1800 1337 propria
1827 1285 1969 1336 species
1992 1282 2150 1335 Regulae

76 1349 197 1387 sancti
216 1348 437 1398 Benedicti,
458 1358 556 1389 teste
576 1352 696 1389 etiam
714 1349 915 1389 Bernardo
937 1365 978 1389 n.
1002 1354 1064 1389 10.
1089 1349 1269 1389 Secunda
1288 1351 1431 1401 species
1452 1352 1505 1389 ita
1525 1353 1783 1403 exprimitur:
1805 1370 1821 1384 α
1844 1350 1890 1388 Ιιι
1913 1347 2153 1400 quibusdam

79 1431 97 1447 ιι
129 1423 266 1453 autem
282 1414 558 1468 Religionibus
582 1415 715 1454 adhuc
729 1417 882 1455 cautius
911 1416 1154 1468 profitentur
1182 1415 1451 1455 obedientiam
1480 1415 1699 1455 secundum
1726 1414 1944 1468 Regulam,
1969 1414 2022 1451 ita
2047 1411 2155 1463 quod

81 1498 98 1514 »
129 1480 361 1533 professioni
380 1496 462 1520 non
486 1483 763 1530 contrariatur,
787 1483 863 1520 nisi
883 1482 922 1520 id
945 1482 1054 1534 quod
1073 1490 1129 1521 est
1148 1492 1283 1520 contra
1297 1491 1539 1533 praeceptum
1559 1481 1735 1535 Regulae,
1752 1480 1824 1518 »id
1843 1489 1899 1519 est
1915 1487 2153 1530 praeceptum

75 1547 235 1597 proprie
257 1545 410 1585 dictum
424 1577 434 1596 ,
455 1547 739 1600 obligationem
759 1548 972 1587 inducens:
993 1567 1010 1582 u
1034 1549 1289 1601 transgressio
1303 1561 1396 1586 vero
1419 1547 1482 1586 vel
1502 1549 1660 1586 omissio
1676 1547 1846 1585 aliorum
1861 1544 2007 1596 obligat
2022 1543 2152 1582 solum

80 1630 97 1645 »
129 1611 180 1650 ad
198 1621 407 1663 peccatum
427 1613 580 1652 veniale
603 1631 612 1652 ε
634 1615 752 1665 quia,
774 1616 875 1653 sicut
897 1614 1051 1652 dictum
1074 1623 1155 1663 est,
1180 1613 1413 1664 hujusmodi
1433 1614 1707 1665 dispositiones
1727 1622 1819 1651 sunt
1848 1610 1897 1649 ad
1921 1608 2154 1662 principalia

78 1695 96 1711 »
128 1687 242 1716 vota:
258 1687 466 1730 peccatum
489 1688 625 1718 autem
647 1679 801 1718 veniale
820 1689 878 1719 est
897 1680 1101 1732 dispositio
1116 1679 1167 1718 ad
1186 1679 1368 1718 mortale.
1389 1698 1405 1713 ι»
1424 1680 1564 1731 Itaque
1580 1681 1620 1718 in
1644 1680 1836 1718 sententia
1849 1677 1969 1715 sancti
1986 1674 2152 1713 Thomae

77 1746 399 1797 transgressiones
421 1746 627 1784 minorum
657 1746 1002 1785 observantiarum
1034 1756 1129 1785 sunt
1159 1746 1434 1798 dispositiones
1461 1746 1510 1784 ad
1532 1746 1853 1799 transgressiones
1873 1740 2152 1794 principalium

74 1819 284 1858 votorum3
309 1825 353 1850 ac
373 1811 541 1863 proinde
561 1812 686 1864 culpae
705 1812 893 1852 veniales.

126 1879 164 1920 8.
195 1877 246 1915 At
266 1877 408 1916 demus
430 1880 551 1917 etiam
579 1878 777 1931 Regulam
800 1880 923 1918 sancti
948 1879 1149 1918 Benedicti
1172 1880 1213 1916 in
1234 1878 1458 1917 minoribus
1478 1877 1736 1915 observantiis
1758 1873 1928 1926 obligare
1951 1871 2079 1910 solum
2101 1868 2151 1907 ad

72 1957 229 1995 poenam
250 1959 259 1981 z
283 1943 490 1982 videamus
507 1958 587 1995 qua
608 1945 760 1983 ratione
777 1954 934 1983 sanctus
954 1945 1134 1983 Thomas
1150 1944 1225 1982 hac
1245 1943 1294 1981 de
1310 1958 1352 1982 re
1372 1943 1610 1981 sententiam
1623 1956 1737 1980 suam
1761 1939 1948 1991 explicet:
1969 1957 1985 1971 α
2008 1937 2056 1974 Ιιι
2078 1934 2152 1973 ali-

81 2026 99 2043 »
130 2023 211 2060 qua
236 2017 370 2048 tamen
390 2009 600 2062 religione,
616 2010 787 2049 fratrum
809 2010 954 2049 scilicet
974 2010 1309 2057 Praedicatorum,
1335 2009 1588 2061 transgressio
1607 2007 1716 2054 talis,
1738 2005 1801 2045 vel
1829 2004 1986 2043 omissio
2016 2016 2062 2039 ex
2080 2014 2151 2038 suo

77 2093 93 2108 »ι
125 2089 267 2127 genere
290 2089 371 2114 non
391 2075 539 2128 obh‘gat
561 2076 612 2114 ad
638 2075 798 2127 culpam
812 2107 822 2125 ,
842 2091 974 2128 neque
1003 2076 1238 2124 mortalem,
1271 2090 1403 2127 neque
1425 2074 1621 2112 venialem
1636 2104 1645 2121 ,
1670 2071 1738 2111 sed
1771 2070 1900 2109 solum
1923 2068 1972 2107 ad
1993 2081 2149 2119 poenam

75 2159 92 2173 ι»
126 2149 297 2179 taxatam
319 2141 616 2189 sustinendain3
650 2143 745 2193 quia
766 2156 836 2193 per
858 2142 967 2180 hunc
989 2142 1158 2181 modum
1189 2142 1239 2180 ad
1259 2142 1351 2180 talia
1371 2139 1616 2180 observanda
1642 2138 1893 2190 obligantur:
1918 2135 1986 2186 qui
2016 2142 2149 2171 tamen

73 2223 90 2238 »
121 2216 283 2257 possent
311 2206 534 2256 venialiter,
568 2207 632 2246 vel
664 2207 886 2246 mortaliter
913 2223 1075 2260 peccare
1104 2223 1151 2247 ex
1178 2208 1438 2261 negligentia,
1462 2206 1526 2245 vel
1555 2204 1740 2251 libidine,
1773 2202 1836 2241 vel
1860 2207 2102 2249 contemptu.
2129 2214 2145 2228 ν»

70 2271 173 2324 Ergo
204 2286 251 2310 ex
280 2281 414 2311 sancto
443 2272 626 2319 Thoma,
651 2274 769 2311 etiam
794 2274 834 2311 in
857 2275 903 2312 iis
925 2275 1082 2312 statutis
1104 2288 1192 2326 quae
1213 2274 1389 2326 obligant
1420 2271 1470 2310 ad
1500 2270 1623 2309 solzun
1652 2283 1833 2320 poenam,
1858 2265 2004 2304 incurri
2023 2270 2150 2314 potest

69 2337 231 2377 venialis
259 2337 376 2390 culpa
393 2358 409 2373 κ
435 2353 482 2377 ex
503 2338 745 2391 negligentia
764 2339 828 2378 vel
849 2339 1036 2388 libidine,
1063 2360 1080 2373 »
1106 2342 1187 2378 imo
1211 2350 1249 2378 et
1281 2337 1457 2378 mortalis
1484 2357 1499 2370 κ
1523 2351 1568 2375 ex
1590 2343 1834 2385 contemptu.
1854 2351 1870 2365 ι»
1900 2331 1992 2369 [no
2010 2327 2146 2399 verbs),

68 2403 264 2454 ejusmodi
290 2414 514 2443 erratorum
534 2405 705 2457 qualitas
723 2405 872 2457 pendet
891 2421 937 2445 ex
957 2406 1162 2445 affectione
1176 2406 1317 2448 animi,
1333 2405 1447 2454 cujus
1461 2402 1703 2455 negligentia
1724 2399 1787 2439 vel
1805 2412 1927 2450 prava
1945 2394 2148 2446 dispositio

66 2468 177 2508 nulla
199 2472 480 2510 constitutione
500 2473 676 2511 excusari
694 2481 844 2523 potest,
868 2474 1047 2526 maxime
1065 2473 1137 2511 ubi
1156 2488 1237 2512 non
1256 2473 1381 2511 fertur
1401 2473 1441 2509 in
1462 2484 1584 2508 unam
1604 2466 1820 2519 quamdam
1840 2461 2144 2505 observantiam,

66 2536 134 2575 sed
154 2539 195 2574 in
216 2546 348 2576 totum
363 2553 505 2590 corpus
526 2539 784 2579 observantiae
806 2538 1016 2592 regularis.

118 2605 157 2642 9.
190 2603 251 2642 Ad
270 2604 373 2642 hanc
389 2603 611 2644 doctrinam
627 2605 905 2644 illustrandam
928 2606 1146 2643 necessaria
1168 2613 1225 2642 est
1243 2604 1441 2653 responsio
1460 2600 1509 2639 ad
1525 2600 1701 2645 tertium,
1720 2599 1759 2635 in
1781 2610 1861 2647 qua
1875 2600 2147 2642 contemptum

65 2669 120 2706 ita
140 2669 308 2720 explicat
324 2700 333 2717 ,
360 2688 376 2703 «
402 2670 511 2721 quod
541 2679 636 2709 tunc
665 2673 880 2710 committit
905 2671 1048 2723 aliquis
1076 2671 1140 2709 vel
1172 2668 1457 2721 transgreditur
1480 2681 1525 2704 ex
1548 2672 1779 2714 contemptu
1793 2693 1801 2709 ,
1824 2659 1983 2712 quando
2004 2656 2146 2696 volun-

68 2751 91 2774 »,
117 2742 185 2795 tas⁸
194 2735 279 2785 ejus
295 2736 430 2773 renuit
449 2735 587 2786 subjici
608 2736 850 2776 ordinationi
876 2737 970 2790 legis
986 2736 1050 2775 vel
1070 2736 1214 2789 regula‘
1238 2754 1253 2768 υ
1280 2737 1291 2782 ξ
1303 2748 1390 2785 quae
1411 2732 1603 2784 ipsissima
1625 2738 1683 2767 est
1701 2725 1891 2766 Ber-nardi
1919 2724 2142 2769 doctrina),

70 2818 86 2833 u
118 2809 158 2838 et
179 2814 225 2839 ex
253 2800 329 2839 hoc
349 2801 529 2852 procedit
558 2801 610 2840 ad
638 2802 866 2841 faciendum
900 2812 1036 2841 contra
1066 2802 1195 2854 legem
1228 2800 1291 2838 vel
1322 2797 1514 2850 regulam.
1541 2793 1710 2845 Quando
1744 2800 1878 2830 autem
1906 2803 1926 2827 e
1957 2798 2143 2858 converso

68 2883 84 2897 n
115 2875 280 2917 propter
303 2866 479 2918 aliquam
508 2868 789 2918 particularem
813 2883 971 2907 causam
986 2900 995 2916 ,
1024 2877 1123 2919 puta
1145 2865 1502 2917 concupiscentiali]
1532 2860 1594 2899 vel
1615 2860 1737 2906 iram,
1764 2856 1965 2895 inducitur
1995 2851 2144 2925 ad'ah-

68 2948 84 2963 υ
116 2931 216 2982 quid
231 2932 457 2971 faciendum
484 2943 621 2972 contra
640 2943 786 2973 statuta
808 2935 903 2987 legis
930 2934 995 2974 vel
1022 2934 1186 2987 regulae,
1218 2946 1297 2970 non
1322 2939 1454 2981 peccat
1478 2927 1532 2966 ex*
1551 2933 1806 2975 contemptu,
1837 2921 1905 2960 sed
1936 2934 1983 2958 ex
2011 2918 2142 2990 aliqua

115 2996 190 3035 alia
208 3012 324 3037 causa
337 3029 347 3047 ,
374 3000 529 3038 etiamsi
547 2999 780 3051 frequenter
800 3014 845 3039 ex
863 3000 1003 3040 eadem
1023 3015 1137 3038 causa
1151 3031 1159 3047 ,
1184 2997 1245 3037 vel
1265 2997 1339 3034 alia
1354 3027 1362 3044 ,
1379 2993 1504 3033 simile
1521 3000 1726 3044 peccatum
1743 2991 1872 3027 iteret.
1901 2986 2010 3024 Sicut
2024 2993 2142 3022 etlam

66 3079 84 3095 »
116 3063 362 3115 Augustinus
389 3064 485 3103 dicit
510 3066 552 3103 in
578 3065 682 3104 libro
712 3065 761 3104 de
795 3066 949 3104 Natura
972 3075 1010 3104 et
1034 3065 1193 3111 Gratia,
1228 3057 1337 3113 quod
1371 3074 1451 3098 non
1482 3058 1616 3096 omnia
1647 3065 1805 3107 peccata
1837 3053 2143 3092 committuntur

66 3144 83 3160 »
114 3141 161 3166 ex
182 3138 417 3181 contemptu
435 3131 644 3182 superbiae.
671 3132 703 3169 F
705 3133 915 3183 requentia
937 3141 1069 3170 tamen
1091 3130 1236 3181 peccati
1265 3126 1490 3177 dispositive
1513 3122 1666 3161 inducit
1687 3121 1737 3159 ad
1755 3127 2040 3188 contemptum.
2068 3132 2083 3146 »

118 3197 180 3233 10.
211 3195 354 3247 Itaque
373 3196 595 3235 secmidum
616 3207 797 3236 mentem
818 3198 924 3236 beati
945 3196 1127 3243 Thomae‚
1152 3208 1197 3232 ex
1218 3193 1359 3231 habitu
1382 3204 1451 3229 seu
1478 3186 1765 3227 consuetudine
1787 3181 1980 3235 ejusmodi
2002 3178 2139 3228 culpa-

62 3272 154 3297 rum
175 3260 220 3298 fit
248 3274 478 3313 progressus
495 3263 537 3300 in
559 3272 835 3314 contemptum
855 3280 863 3300 :
887 3277 967 3313 qua
987 3264 1027 3299 in
1048 3275 1089 3299 re
1111 3274 1191 3298 non
1209 3259 1374 3297 omnino
1393 3256 1614 3294 consentire
1634 3252 1794 3292 videtur
1813 3263 1903 3287 cum
1925 3241 2136 3313 Bel-nardo,

61 3325 131 3374 qui
153 3326 208 3363 ait
233 3340 273 3364 n.
300 3328 367 3374 26,
390 3327 585 3377 ejusmodi
607 3328 741 3379 lapsus
769 3348 784 3361 ιι
810 3342 880 3378 per
897 3336 1172 3378 contemptum
1198 3326 1294 3362 verti
1323 3326 1363 3361 in
1386 3336 1505 3360 usum
1540 3330 1578 3358 et
1609 3315 1962 3358 consuetudine1113
1988 3329 2002 3382 »Γ
2028 3321 2139 3378 quam

63 3399 313 3442 contemptus
333 3391 478 3444 gradus
497 3394 547 3431 sit
565 3393 616 3432 ad
638 3393 983 3440 consuetudinem,
1008 3407 1087 3430 non
1103 3389 1347 3430 consuetudo
1363 3387 1412 3426 ad
1430 3395 1716 3436 contemptum.
1742 3404 1745 3408 ,
1766 3382 1813 3419 Et
1834 3390 1940 3423 tune,
1960 3395 1974 3407 w
1994 3381 2136 3424 mqfflt»

66 3013 74 3028 1

76 3014 83 3028 .-
