2517 3920
1115 147 1150 183 S.
1181 146 1435 182 BERNARDI
1464 147 1665 182 ABBATIS

1359 221 1406 240 ⁴78

356 141 451 180 1135
2323 152 2420 189 1136

351 233 441 270 ergo
460 221 683 258 interiorem
709 234 842 259 vocem
871 235 980 259 aures
1008 222 1133 260 cordis
1162 223 1255 272 erigi
1284 222 1353 259 ad-
1419 222 1568 258 turbata
1586 232 1650 267 est,
1674 222 1724 259 ait
1742 222 1930 272 propheta
1944 224 2121 260 Domini-'³
2141 240 2149 262 ε
2172 234 2209 262 et
2234 235 2275 263 tu
2291 238 2422 268 contra
2474 236 2478 237 ⁷

349 294 572 328 monemus,
607 290 650 318 ut
678 282 897 331 loquentem
919 286 1041 319 Deum
1068 283 1171 319 intus
1198 282 1350 327 audire,
1372 282 1400 314 A
1421 283 1552 319 faciem
1582 290 1684 318 tuam
1714 283 1794 319 sine
1818 283 2036 332 argutione,
2068 285 2148 321 sine
2177 286 2392 326 turbatione
2409 319 2420 337 ,

352 355 465 391 quam
494 342 585 379 foris
617 342 813 378 hominem
844 342 1036 379 studeatis.
1059 343 1128 379 Illa
1151 343 1252 379 enim
1280 355 1354 377 vox

351 402 641 451 magnificentiae
669 411 706 439 et
737 403 906 448 virtutis,
930 402 1076 439 deserta
1109 402 1352 446 concutiens,

352 471 495 499 secreta
518 463 723 500 discutiens
738 492 748 510 ,
772 471 966 513 torporem
990 463 1183 499 excutiens
1209 462 1354 498 anima-

352 535 450 560 rum.

734 642 911 681 CAPUT
940 642 992 680 II.

351 763 445 804 Quod
469 764 535 806 ipsa
560 775 620 795 vox
645 764 771 795 Domini
796 763 941 794 omnibus
960 774 993 794 se
1015 762 1144 801 offerat,
1167 769 1197 794 et
1219 763 1355 794 animam

585 818 643 848 sibi
659 817 717 859 ipsi
732 817 890 847 nolentem
904 822 1115 859 repraesentet.

405 935 441 970 3.
468 937 545 971 Nec
579 947 667 970 sane
703 934 955 971 laborandum
989 943 1068 980 est,
1100 944 1142 972 ut
1173 935 1219 972 ad
1249 936 1353 975 vocis

1421 343 1502 378 sine
1523 342 1748 379 confusione
1760 372 1770 389 ,
1787 343 1900 379 statui
1916 356 1994 379 non
2012 357 2122 393 posse
2143 345 2319 383 miraris?

1798 476 1976 515 CAPUT
2007 478 2080 516 III.

1420 596 1514 638 Quod
1529 608 1586 639 per
1602 607 1711 628 vocem
1728 597 1797 635 Dei,
1820 597 1930 629 animae
1943 599 2034 637 ratio,
2054 599 2141 641 quasi
2158 600 2191 631 in
2208 600 2302 640 libro,
2322 604 2424 636 omnia

1466 651 1548 682 mala
1565 650 1816 693 deprehendere,
1844 652 2090 694 reprehendere,
2110 653 2280 696 dijudicare
2306 662 2337 688 et
2363 656 2424 688 dis-

1468 715 1594 736 cernere
1611 705 1725 736 valeat.

1475 826 1511 863 4.
1529 829 1608 863 'Nec
1628 840 1649 863 a
1669 840 1729 863 me
1755 840 1884 878 speres
1904 827 2036 866 audire
2056 829 2149 879 quid
2174 829 2212 866 in
2239 832 2422 870 memoria

1420 893 1484 922 tua
1507 886 1604 923 ratio
1620 886 1903 936 deprehendat,
1922 889 2015 939 quid
2034 890 2314 941 reprehendat,
2331 893 2422 943 quid

1420 944 1622 995 dijudicet,
1653 947 1745 996 quid
1771 948 1962 985 decernat.
1992 951 2154 1000 Applica
2182 951 2285 988 intus
2312 952 2422 989 audi-

349 994 461 1043 hujus
489 995 738 1044 perveniatur
767 995 939 1031 auditum
964 1011 971 1031 :
1000 995 1110 1032 labor
1139 1005 1196 1033 est
1223 998 1351 1046 potius
1372 1006 1399 1040 Β
1420 1013 1520 1052 tum³
1549 1006 1702 1044 reflecte
1729 1008 1862 1045 oculos
1888 1009 2031 1056 cordis3
2058 1018 2096 1047 et
2123 1011 2282 1061 proprio
2304 1011 2422 1050 disces

347 1067 457 1090 aures
479 1053 658 1090 obturare
682 1068 729 1090 ne
749 1055 891 1091 audias.
914 1056 1099 1092 Nimirum
1121 1070 1196 1093 vox
1215 1057 1296 1107 ipsa
1316 1072 1355 1095 se

348 1113 478 1159 offert,
498 1114 579 1163 ipsa
599 1126 638 1150 se
658 1114 813 1163 ingerit,
836 1128 905 1151 nec
925 1116 1077 1165 pulsare
1097 1116 1248 1153 interim
1271 1131 1354 1154 ces-

349 1181 405 1209 sat
430 1172 477 1208 ad
499 1173 594 1209 ostia
619 1173 869 1223 singulorum.
896 1175 1070 1224 Denique
1098 1179 1354 1228 quadi-agilan

347 1237 475 1276 annis,
505 1233 648 1282 inquit,
673 1239 876 1282 proximus
889 1232 955 1281 sui
974 1241 1211 1284 generationi
1240 1239 1350 1282 huic,

347 1302 381 1328 ec
399 1295 482 1329 dclxi
492 1323 503 1339 ,
530 1294 684 1342 Semper
703 1295 742 1330 [η’
762 1304 891 1330 errant
908 1298 1016 1331 corde
1029 1303 1053 1332 ¹.
1078 1296 1214 1334 Adhuc
1240 1297 1350 1335 nobis

346 1353 546 1404 proximus
572 1362 648 1399 est,
668 1354 790 1391 adhuc
813 1356 1003 1404 loquitur,
1027 1365 1064 1392 et
1081 1370 1158 1393 non
1179 1366 1234 1394 est
1252 1359 1350 1396 sorte

347 1413 412 1462 qui
431 1412 572 1449 audiat.
593 1413 729 1450 Adhuc.
748 1413 857 1459 dicit,
877 1415 916 1450 ln·
935 1424 1061 1451 errant
1076 1419 1210 1460 cordex
1227 1418 1350 1455 adhuc

346 1474 536 1523 Sapientia
557 1474 725 1511 clamitat
743 1475 778 1510 in
797 1475 931 1524 plateis
953 1491 961 1512 ε
986 1478 1138 1521 Redite,
1159 1483 1348 1525 prcevccri-

345 1542 507 1577 catores,
533 1535 586 1569 ad
602 1548 666 1569 cor
678 1540 703 1570 ².
727 1538 810 1571 Hoc
831 1548 969 1585 nempe
994 1536 1144 1573 initium
1167 1538 1351 1587 loquendi

343 1593 511 1630 Domino
534 1608 541 1630 :
567 1602 604 1630 et
623 1584 696 1630 hoc
713 1594 872 1631 verbum
895 1596 942 1632 ad
960 1610 1093 1634 omnes
1111 1598 1176 1647 qui
1194 1612 1351 1636 conver-

345 1661 479 1690 tuntur
495 1653 542 1690 ad
563 1667 628 1690 cor
641 1683 650 1700 ‚
675 1656 910 1704 praecessisse
930 1657 1101 1704 videtur,
1123 1668 1159 1694 et
1178 1673 1255 1696 non
1272 1674 1351 1698 mo-

345 1713 394 1749 do
417 1727 601 1750 revocans
620 1728 703 1761 eos,
725 1715 791 1751 sed
809 1716 996 1753 reducens
1014 1726 1051 1754 et
1068 1727 1237 1757 statuens
1257 1735 1351 1758 con-

1420 1066 1685 1116 experimento
1704 1067 1795 1116 quid
1814 1077 1958 1117 agatur.
1982 1073 2104 1107 Nemo
2126 1071 2228 1107 enim
2250 1071 2319 1108 scit
2338 1085 2422 1121 quae

1420 1134 1509 1162 sunt
1523 1126 1562 1162 in
1581 1126 1753 1173 homine,
1770 1128 1842 1164 nisi
1859 1129 2014 1178 spiritus
2026 1130 2192 1167 hominis
2205 1131 2271 1180 qui
2287 1132 2420 1182 inipso

1420 1194 1476 1222 est
1490 1186 1517 1221 ⁴'.
1536 1186 1572 1222 Si
1591 1186 1792 1236 superbia,
1813 1188 1843 1224 si
1859 1189 2022 1237 invidia,
2047 1191 2077 1227 si
2093 1191 2269 1237 avaritia,
2295 1192 2324 1228 si
2340 1205 2420 1229 am-

1418 1244 1528 1292 bitio,
1562 1255 1627 1283 aut
1648 1248 1780 1285 similis
1809 1250 1936 1299 aliqua
1955 1251 2072 1300 pestis
2095 1250 2317 1289 abscondita
2343 1261 2420 1300 est,

1417 1307 1484 1343 vix
1503 1307 1671 1357 effugere
1689 1309 1833 1358 poterit
1851 1310 1925 1347 hoc
1945 1324 2119 1349 examen.
2142 1313 2178 1350 Si
2196 1312 2395 1349 fornicatio
2407 1341 2417 1359 ,

1417 1368 1447 1404 si
1473 1369 1627 1418 rapina,
1654 1370 1684 1406 si
1704 1369 1927 1417 crudelitas,
1949 1372 1978 1408 si
1995 1372 2098 1409 fraus
2122 1373 2218 1420 ulla,
2239 1381 2304 1410 aut
2322 1387 2420 1423 quae-

1416 1426 1508 1464 libet
1523 1429 1634 1478 culpa
1651 1429 1814 1466 admissa
1831 1439 1907 1478 est,
1926 1432 2119 1469 internum
2136 1433 2239 1470 hune
2251 1433 2419 1483 judicem

1417 1501 1495 1524 non
1513 1489 1646 1526 latebit
1662 1503 1749 1527 reus
1763 1491 1862 1541 ipse,
1883 1505 1953 1528 nec
1970 1492 2202 1531 inficiabitur
2216 1507 2345 1531 coram
2360 1507 2417 1532 e0.

1417 1550 1582 1586 Transiit
1600 1550 1701 1586 enim
1720 1552 1904 1589 velociter
1922 1561 2025 1589 totus
2046 1553 2109 1590 ille
2126 1555 2299 1605 pruritus
2322 1555 2422 1593 dele-

1418 1609 1594 1647 ctationis
1622 1611 1763 1660 iniquae
1781 1641 1791 1658 ,
1823 1621 1861 1649 et
1891 1614 2101 1663 voluptatis
2132 1615 2312 1652 illecebra
2342 1624 2421 1653 tota

1417 1667 1525 1706 brevi
1552 1670 1655 1707 finita
1677 1680 1756 1718 est3
1786 1672 1851 1709 sed
1877 1686 2005 1710 amara
2032 1674 2207 1725 quaedam
2231 1675 2421 1726 impressit

1418 1730 1524 1778 signa
1543 1731 1760 1778 memoriae,
1782 1732 1847 1769 sed
1873 1734 2033 1783 vestigia
2059 1734 2159 1771 foeda
2184 1736 2348 1785 reliquit.
2376 1739 2419 1773 In

345 1781 403 1809 tl'a
437 1773 569 1810 faeiem
597 1787 716 1810 SUssffl·
750 1778 814 1811 Est
841 1776 942 1813 enim
973 1791 1051 1814 ΠΟΠ
1088 1787 1235 1817 tantum
1268 1795 1345 1819 VOX
1365 1791 1391 1827 C
1411 1789 1505 1826 illud
1526 1783 1713 1842 siquidem
1734 1795 2005 1843 repositorium
2021 1824 2030 1841 ,
2050 1796 2157 1832 velut
2176 1796 2214 1832 in
2233 1796 2419 1834 sentinam

342 1833 494 1870 virtutis
508 1863 516 1879 ‚
538 1833 603 1870 sed
621 1842 659 1870 et
674 1834 802 1871 radius
822 1836 916 1873 lucis
928 1866 937 1883 ‚
960 1840 1191 1877 annuntians
1208 1842 1351 1890 pariter

343 1892 562 1930 hominibus
590 1903 744 1943 peccata
774 1909 931 1943 eorum,
953 1906 990 1934 et
1018 1899 1237 1938 illuminans
1263 1901 1350 1940 abs-

344 1953 498 1990 condita
535 1953 793 1992 tenebrarum.
833 1960 909 1994 Nec
945 1972 1038 1995 vero
1080 1961 1156 1997 ulla
1189 1962 1348 2001 internae

343 2011 456 2061 hujus
477 2013 582 2050 vocis
602 2027 644 2050 ac
670 2015 763 2051 lucis
785 2015 999 2054 differentia
1031 2028 1105 2066 est,
1136 2035 1219 2058 cum
1249 2036 1349 2060 unus

341 2072 520 2122 idemque
549 2074 596 2110 sit
626 2075 695 2111 Dei
728 2076 843 2113 Filius
872 2086 909 2114 et
938 2078 1105 2116 Verbum
1136 2083 1278 2129 Patris,
1310 2093 1348 2121 et

343 2133 526 2182 splendor
554 2135 684 2183 gloriae
713 2150 720 2172 :
749 2136 814 2173 sed
839 2146 876 2174 et
908 2139 1042 2176 animae
1071 2154 1225 2191 quoque
1251 2143 1346 2180 sub-

341 2193 498 2239 stantia,
517 2194 556 2230 in
577 2208 646 2231 suo
665 2195 819 2244 quidem
845 2211 984 2247 genere
1002 2200 1115 2237 etiam
1134 2202 1216 2252 ipsa
1232 2204 1346 2253 spiri—

341 2254 454 2290 tualis
464 2263 501 2291 et
516 2255 697 2305 simplex,
708 2257 786 2293 sine
798 2258 874 2294 ulla
889 2258 1135 2298 distinctione
1149 2276 1344 2312 sensuum,

342 2313 407 2350 sed
430 2322 529 2360 tota,
550 2315 580 2352 si
606 2323 729 2353 tamen
760 2325 838 2354 tota
865 2318 1025 2357 dicenda
1055 2330 1131 2369 est,
1153 2331 1190 2359 et
1210 2324 1345 2363 videns

339 2374 483 2424 pariter
500 2383 537 2411 et
557 2376 713 2413 audiens
733 2378 919 2416 videatur.
941 2381 1041 2429 Quid
1062 2383 1162 2420 enim
1185 2385 1248 2421 illo
1266 2387 1344 2435 agi—

341 2441 404 2469 tur
423 2434 502 2470 sive
530 2435 654 2482 radio,
682 2437 761 2474 sive
784 2438 922 2485 verbo,
945 2442 1016 2478 nisi
1043 2451 1086 2479 ut
1106 2445 1257 2481 noverit
1286 2460 1346 2483 se-

339 2494 757 2546 metipsamPAperitur
772 2499 958 2548 siquidem
975 2503 1218 2541 conscientiae
1235 2505 1344 2553 liber,

1417 1850 1600 1900 aliquam,
1620 1859 1696 1889 tota
1719 1852 1888 1890 decurrit
1909 1854 2143 1892 abominatio
2158 1885 2167 1902 ‚
2189 1864 2227 1892 et
2251 1856 2420 1894 immun-

1417 1909 1508 1946 ditia
1529 1919 1608 1947 tota
1632 1911 1803 1949 defluxit.
1833 1914 2023 1951 Volumen
2052 1915 2213 1965 grande,
2241 1917 2302 1954 cui
2331 1917 2419 1954 uni-

1415 1983 1524 2006 versa
1557 1970 1741 2021 inscripta
1784 1982 1872 2010 sunt
1898 2003 1907 2021 ,
1949 1976 2034 2013 stilo
2069 1977 2202 2026 utique
2236 1978 2416 2015 veritatis.

1414 2034 1597 2067 Amarum
1613 2029 1691 2080 jam
1709 2041 1843 2070 venter
1860 2035 2016 2082 tolerat,
2035 2037 2104 2074 etsi
2121 2038 2248 2075 fauces
2265 2039 2418 2076 miseras

1414 2086 1521 2125 brevi
1546 2091 1706 2143 transitu
1733 2092 1935 2131 dulcedine
1952 2095 2115 2144 quadam
2138 2097 2273 2134 frivola
2295 2098 2416 2135 visum

1415 2156 1471 2184 est
1499 2148 1719 2188 oblectasse.
1748 2156 1927 2191 Ventrem
1962 2169 2089 2193 meum
2119 2156 2251 2204 doleo,
2279 2159 2415 2206 miser,

1414 2218 1586 2246 ventrem
1613 2224 1740 2248 meum
1766 2213 1892 2250 doleo.
1913 2215 2055 2263 Quidni
2075 2216 2225 2254 doleam
2245 2226 2415 2256 ventrem

1416 2271 1610 2307 memoriae
1624 2301 1633 2318 ‚
1651 2272 1717 2309 ubi
1739 2282 1843 2311 tanta
1857 2285 2036 2325 congesta
2053 2286 2110 2314 est
2125 2278 2416 2328 putredo?Quis

1412 2338 1586 2366 nostrum
1600 2359 1609 2376 ,
1628 2331 1781 2380 fratres,
1800 2336 2027 2373 exteriorem
2044 2337 2141 2375 hanc
2160 2347 2324 2385 vestem,
2342 2353 2415 2390 qua

1413 2390 1553 2439 tegitur
1567 2420 1576 2436 ,
1598 2391 1628 2427 si
1657 2403 1814 2443 repente
1830 2394 2004 2433 obscenis
2021 2397 2191 2449 undique
2208 2400 2328 2450 sputis
2342 2401 2416 2437 illi-

1413 2458 1489 2486 tam
1503 2479 1512 2496 ,
1536 2460 1573 2487 et
1589 2452 1804 2491 foedissimis
1820 2456 2034 2507 quibusque
2051 2459 2229 2498 sordibus
2243 2461 2416 2511 inquina-

1414 2518 1488 2546 tam
1524 2511 1764 2560 consideret,
1799 2529 1876 2552 non
1905 2517 2155 2556 vehementer
2185 2521 2412 2568 exhorreat,

338 2554 551 2591 revolvitur
576 2557 713 2594 misera
743 2559 829 2596 vitae
854 2561 968 2598 series
984 2592 993 2608 ,
1027 2564 1142 2601 tristis
1168 2566 1343 2614 quaedam
1362 2577 1394 2610 D
1413 2583 1491 2606 non
1509 2572 1692 2610 velociter
1710 2584 1848 2622 exuat,
1876 2590 1954 2614 non
1978 2579 2222 2629 indignanter
2237 2581 2414 2631 abjiciat?

338 2612 496 2650 historia
511 2616 728 2665 replicatur,
743 2619 982 2658 illuminatur
995 2624 1113 2670 ratio,
1132 2634 1168 2661 et
1191 2627 1345 2665 evoluta

339 2674 522 2710 memoria
537 2675 640 2711 velut
653 2677 880 2725 quibusdam
899 2680 978 2730 ejus
995 2684 1115 2720 oculis
1128 2685 1340 2724 exhibetur.

339 2735 509 2782 Utraque
525 2748 617 2771 vero
637 2749 714 2773 non
734 2746 808 2775 tam
835 2740 954 2790 ipsius
974 2751 1030 2779 est
1051 2744 1205 2791 animae,
1226 2760 1341 2796 quam

341 2792 462 2828 anima
479 2793 560 2842 ipsa
585 2809 592 2831 :
619 2804 661 2832 ut
681 2798 812 2835 eadem
833 2801 880 2836 sit
902 2810 940 2837 et
960 2802 1185 2853 inspiciens,
1216 2815 1253 2842 et
1284 2807 1341 2844 in-

340 2859 485 2898 specta,
506 2862 639 2890 contra
655 2868 760 2893 suam
779 2867 916 2897 statuta
934 2862 1066 2899 faciem
1079 2893 1089 2910 ,
1108 2873 1145 2900 et
1159 2878 1179 2901 a
1194 2866 1342 2903 violen-

339 2909 386 2944 tis
403 2909 629 2958 quibusdam
647 2917 929 2964 apparitoribus
943 2921 1196 2961 immissarum
1212 2927 1342 2976 utique

339 2968 612 3016 cogitationum
631 2982 778 3020 coacta,
795 2979 954 3027 proprio
972 2981 1343 3032 interimjudicanda

339 3028 511 3065 assistere
534 3029 729 3069 tribunali.
750 3036 842 3081 Quis
859 3050 948 3075 sane
962 3039 1149 3088 judicium
1168 3044 1241 3081 hoc
1262 3047 1342 3084 sine

338 3086 584 3124 tribulatione
601 3091 806 3128 sustineat?
822 3099 886 3131 Ad
900 3111 958 3133 me
974 3104 1093 3148 ipsum
1110 3109 1240 3140 (mima
1259 3120 1342 3143 meu

386 3212 396 3227 ¹
418 3207 499 3237 Psal.
515 3218 606 3245 xcxv,
632 3211 684 3240 10.
702 3229 744 3232 —
762 3217 773 3233 ²
789 3214 861 3245 Isai.
886 3227 982 3255 XLVI,
1001 3222 1031 3249 8.
1051 3239 1093 3243 ἦ
1110 3221 1122 3243 -3
1138 3225 1311 3263 Psal.xL1,
1335 3232 1351 3242 ⁸

382 3268 394 3281 ²
415 3265 499 3296 Alias
513 3290 520 3303 ‚
547 3265 748 3299 subcutanea.

1339 3243 1366 3260 z.
1384 3249 1426 3252 —
1444 3231 1459 3258 4
1478 3235 1492 3263 Ι
1512 3235 1585 3265 Cor.
1609 3247 1651 3271 xx,
1673 3239 1724 3267 ll.
1742 3236 2085 3275 —5Num.x11.10.

1411 2634 1544 2681 Itaque
1572 2633 1637 2681 qui
1658 2647 1735 2670 non
1757 2645 1900 2674 vestem
1916 2667 1925 2684 ,
1949 2639 2014 2675 sed
2045 2642 2290 2692 semetipsum
2314 2643 2414 2680 intus

1410 2690 1481 2727 sub
1498 2701 1602 2729 veste
1617 2694 1739 2745 ,talem
1762 2698 1928 2746 reperit,
1949 2712 1994 2736 eo
2023 2701 2185 2750 amplius
2209 2702 2356 2749 doleat,
2377 2711 2415 2740 et

1409 2750 1536 2787 animo
1551 2762 1818 2792 consternetur
1829 2767 2000 2807 oportet,
2015 2773 2093 2810 quo
2108 2763 2268 2812 propius
2282 2763 2414 2800 tolerat

1409 2811 1513 2860 quod
1531 2813 1723 2853 exhorret.
1748 2820 1878 2868 Neque
1906 2821 2006 2857 enim
2028 2823 2071 2858 u't
2098 2824 2263 2860 tunicam
2285 2823 2413 2873 abjicit

1408 2884 1513 2908 suam
1525 2901 1534 2918 ,
1553 2873 1605 2910 sic
1624 2875 1788 2924 abjicere
1811 2881 2066 2918 contaminata
2082 2883 2207 2921 anima
2221 2885 2363 2934 poterit
2377 2893 2413 2922 et

1409 2944 1448 2968 se
1464 2932 1596 2982 ipsam.
1616 2937 1790 2986 Denique
1805 2939 1890 2988 quis
1910 2940 1948 2976 in
1965 2940 2076 2979 nobis
2093 2951 2208 2980 tantae
2222 2944 2412 2994 patientiae

1409 3000 1466 3028 est
1491 3001 1528 3029 et
1546 2994 1717 3041 virtutis,
1744 3006 1786 3034 ut
1813 3000 1844 3035 si
1870 2999 1968 3037 forte
1990 3000 2338 3052 (quemadmodum
2365 3003 2411 3042 de

1408 3053 1527 3089 Maria
1549 3067 1681 3092 sorore
1704 3059 1828 3107 Moysi
1845 3060 2029 3112 legitur5)
2051 3075 2203 3101 carnem
2223 3077 2326 3101 suam
2344 3077 2410 3101 su-

1409 3109 1582 3148 bitaneaa
1602 3115 1764 3162 quadam
1782 3117 1887 3167 lepra
1905 3120 2002 3156 male
2014 3121 2237 3160 candentem
2254 3123 2407 3167 viderit,
