2565 3952
108 185 179 224 377

1026 182 1289 217 EPISTOLAE,

2130 197 2205 233 378

158 265 193 301 3.
217 260 317 311 Quid
347 260 535 296 facerem?
557 257 729 295 Conveni
758 255 1180 307 archiepiscopum‚¹⁴³²
1193 257 1297 293 fonte
1331 257 1442 294 dulce
1475 267 1511 294 et
1546 273 1718 297 amarum
1747 260 1840 300 illud
1875 275 2028 303 manare
2062 275 2207 309 cunctis·

104 331 321 364 reverenter
339 320 516 371 quidem,
535 333 652 370 super
680 327 793 370 pacto
819 317 923 368 quod
952 318 1118 362 fecerat,
1143 320 1170 353 Α
1191 318 1255 368 qui
1279 318 1439 355 aderant
1467 320 1696 358 mirantibus
1725 322 1982 362 declarabant.
2016 331 2209 370 Tenc-ntur

102 395 138 423 et
167 397 282 434 super
322 381 505 418 mamiato
542 380 646 431 quod
678 387 879 429 acceperat
911 393 918 415 z
954 387 991 415 et
1026 379 1118 415 nihil

102 446 238 484 horum
273 442 438 492 negavit.
476 444 637 479 Causam
665 454 758 477 vero
792 439 1120 490 praevaricationis

103 506 268 544 referens
289 503 326 540 in
351 503 469 539 lilium
492 502 608 539 Ducis
621 508 650 546 ³,
675 501 740 551 qui
760 514 780 538 a
797 500 1007 538 constituto
1029 501 1120 538 resi-

103 567 231 612 lierat3
259 577 307 601 ne
328 564 391 600 ille
414 561 648 608 turbaretur,
671 562 712 598 in
732 561 772 598 id
793 575 832 598 se
854 560 1120 598 mutabilitatis

103 626 276 665 incidisse
297 623 467 669 dicebat,
491 623 595 674 pacis
615 622 795 659 videlicet
816 622 969 660 intuitu.
993 626 1040 659 Et
1057 622 1119 659 in-

104 687 210 733 tulit,
234 686 324 736 quia
343 684 535 735 quidquid
562 684 748 720 hactenus
769 683 911 733 egerit,
944 683 1024 734 jam
1047 697 1119 735 pro

102 756 234 786 nostro
254 747 435 797 deinceps
456 745 617 783 arbitrio
639 758 677 782 se
701 745 903 781 facturum.
931 749 1026 782 Tum
1048 759 1119 796 ego

101 809 237 861 gratias
260 821 376 858 agens
397 823 405 845 :
428 807 558 855 Absit,
580 808 757 857 inquam3
780 815 907 843 tamen
939 820 1016 843 non
1048 820 1119 843 no-

101 879 198 917 stra,
219 869 286 907 sed
303 870 372 907 Dei
396 869 526 920 potius
545 869 725 905 voluntas
741 870 806 905 liat
828 884 835 905 ε
859 881 945 918 quae
961 868 1013 904 ita
1037 868 1117 905 for—

100 932 195 970 sitan
229 939 503 981 cognoseetur,
528 930 558 967 si
594 943 655 966 res
690 938 858 980 ponatur
887 929 925 965 in
957 929 1117 966 consilio

100 992 393 1043 episcoporum,
415 992 654 1041 aliarumque
686 990 951 1040 religiosarum
984 1004 1119 1040 perso-

100 1066 254 1099 narum,
275 1066 361 1103 quae
380 1052 442 1089 hic
462 1052 510 1089 ad
532 1060 698 1089 vestram
722 1051 844 1102 ipsius
874 1051 1116 1088 vocationem
1138 1055 1165 1090 B

99 1121 388 1159 convenerunt,
410 1113 471 1150 vel
493 1112 619 1149 adhuc
636 1120 811 1149 venturae
831 1121 932 1149 sunt.
951 1111 1064 1160 Quod
1087 1112 1117 1149 si

98 1175 277 1212 invocato
298 1182 430 1211 sancto
454 1174 600 1225 Spiritu
620 1187 831 1211 consensus
857 1173 1032 1210 omnium
1049 1187 1118 1210 vos

98 1235 146 1272 ad
178 1234 471 1286 procedendum
505 1234 544 1271 in
574 1242 701 1285 coepto
725 1247 844 1284 opere
865 1234 1117 1280 animaverit,

97 1295 296 1346 procedite
327 1304 371 1332 ut
401 1294 550 1345 coepisti
573 1309 581 1331 ε
604 1295 662 1331 sin
691 1302 838 1341 autem,
867 1294 1118 1344 acquiescen-

97 1356 190 1392 dum
208 1356 398 1405 Apostolo
420 1354 585 1401 (licenti,
605 1356 759 1391 Nemini
780 1360 852 1390 cito
874 1369 1028 1390 manum
1045 1359 1118 1391 im-

94 1423 254 1466 ponas-¹.
275 1416 407 1454 Visum
436 1424 494 1453 est
512 1416 714 1453 consilium
736 1415 937 1466 placuisse.
955 1416 1117 1453 Interim

98 1476 217 1516 homo
235 1477 299 1513 ille
318 1476 470 1514 venisse
490 1476 709 1524 nuntiatur,
732 1476 798 1513 sed
820 1477 859 1513 in
880 1475 1090 1526 hospitium
1105 1504 1115 1523 ,

99 1551 177 1575 non
207 1538 247 1575 in
282 1538 483 1589 palatium.
512 1541 682 1588 Vespere
712 1545 829 1574 sextae
859 1536 962 1574 feriae
983 1536 1118 1583 venit;

97 1598 257 1638 sabbato
277 1613 390 1636 mane
411 1598 583 1636 recessit.
612 1602 699 1636 Non
721 1607 778 1636 est
798 1612 928 1636 meum
960 1598 1089 1636 dicere
1106 1626 1116 1644 ,

98 1673 165 1697 cur
179 1673 248 1697 nec
269 1659 309 1696 in
333 1659 441 1696 curia
463 1672 653 1710 apparere
674 1659 861 1706 voluerit,
880 1659 927 1696 ad
945 1672 1061 1709 quam
1085 1659 1119 1696 ei

99 1733 199 1758 curae
233 1719 304 1757 suit
334 1720 453 1770 longo
482 1719 622 1757 itinere
655 1719 888 1770 pervenire:
910 1719 983 1756 nisi
1013 1719 1119 1770 quod

98 1780 327 1818 verecundia
339 1780 575 1818 monachalis
587 1810 598 1828 ,
613 1781 852 1831 honorisque
873 1789 1120 1832 contemptus

1187 380 1226 416 in
1258 379 1435 416 manibus
1466 381 1776 419 contradictoriae
1814 385 1948 421 littera¹
1981 402 1988 423 :
2022 390 2203 427 utrislilwl

1188 440 1346 477 obedire
1368 440 1590 478 decreveris
1604 471 1613 488 ,
1646 441 1873 480 inobediens
1894 458 2046 482 necesse
2075 457 2130 484 est
2153 459 2207 486 te-

1188 500 1325 537 nearis.
1357 504 1433 537 Aut
1464 501 1564 537 enim
1599 502 1768 551 priorem
1802 511 1836 539 te
1858 504 2106 554 recipientem
2128 510 2209 558 epi-

1189 560 1325 596 stolam
1345 561 1539 610 posterior
1557 560 1834 598 condemnabit
1855 577 1862 598 :
1888 571 1952 599 aut
1969 565 1998 600 si
2019 567 2209 613 posterio-

1188 634 1267 657 rem
1285 621 1393 671 sequi
1414 621 1529 671 eligas
1546 650 1555 667 ‚
1576 622 1686 672 prior
1705 622 1973 661 murmurabit.
1998 628 2045 661 Et
2060 627 2205 664 utinam

1187 681 1354 718 secunda
1368 682 1531 732 epistola
1544 712 1553 729 ,
1575 683 1676 719 sicut
1690 684 1817 733 potuit
1830 693 2004 722 evertere
2024 687 2204 737 primam,

1186 743 1238 779 ita
1262 751 1392 793 posset
1414 756 1495 780 sese
1528 744 1588 779 vel
1611 743 1694 793 ipsa
1716 744 1813 780 tueri
1837 744 2020 782 adversus
2043 748 2206 784 tertiam.

1188 803 1260 841 Sed
1282 818 1368 841 ecce
1389 805 1525 841 litterae
1549 813 1684 842 contra
1703 805 1847 842 litteras
1861 835 1870 852 ,
1896 807 2121 844 mandatum
2141 809 2209 845 ad-

1187 879 1320 902 versus
1352 865 1575 902 mandatum
1599 881 1606 902 ε
1632 866 1683 903 ita
1712 875 1754 903 ut
1784 880 1862 903 non
1893 867 1995 917 jam,
2020 869 2208 918 quemad-

1186 926 1345 963 modum
1371 927 1408 963 in
1431 927 1643 978 propheta,
1665 929 1836 974 Illamla,
1863 932 2051 966 remanda
2068 936 2095 977 ²,
2118 930 2182 967 sed
2196 959 2205 976 ,

1185 987 1343 1034 Manda,
1365 988 1574 1035 demanda,
1593 988 1724 1038 potius
1748 989 1975 1026 inculcetur.

1240 1050 1275 1085 5.
1315 1049 1474 1086 Interim
1497 1062 1636 1099 nempe
1654 1049 1772 1086 homo
1795 1050 1862 1099 qui
1889 1058 1927 1086 et
1954 1052 2209 1089 consecratio-

1187 1122 1274 1146 nem
1297 1110 1466 1159 fugerat,
1485 1118 1523 1147 et
1539 1110 1767 1147 electionem
1787 1110 1995 1158 refutarat,
2015 1112 2208 1149 festinavit

1187 1170 1234 1208 ad
1266 1175 1422 1221 Regem.
1458 1172 1658 1222 Regalium
1685 1171 1952 1208 investituram
1981 1171 2207 1219 obtinuit*;

1186 1231 1327 1282 quibus
1350 1233 1515 1280 meritis,
1542 1232 1625 1283 ipse
1651 1232 1804 1269 viderit.
1833 1236 1926 1269 Mox
1953 1232 2107 1270 directis
2127 1234 2209 1284 epi-

1186 1293 1313 1340 stolis,
1332 1302 1370 1330 et
1392 1294 1500 1330 locus
1520 1293 1586 1343 qui
1605 1293 1818 1342 assignatus
1840 1293 1982 1340 fuerat,
2005 1302 2062 1330 est
2084 1303 2210 1331 muta-

1188 1361 1267 1400 tus,
1298 1363 1335 1390 et
1370 1353 1450 1390 dies
1479 1353 1712 1403 anticipatus
1735 1368 1742 1389 :
1765 1362 1808 1389 ut
1840 1353 1914 1390 loci
1947 1355 2209 1404 temporisque

1186 1414 1482 1465 opportunitate
1513 1413 1728 1461 subtracta,
1757 1422 1794 1450 et
1816 1415 1927 1465 copia
1948 1415 2084 1465 agendi
2108 1417 2210 1466 pari-

1187 1483 1246 1512 ter
1267 1474 1520 1513 subtrahatur
1537 1474 1859 1522 contradicturis,
1885 1484 1922 1512 et
1950 1478 2210 1514 consecratio—

1187 1538 1246 1574 nis
1267 1537 1347 1574 dies
1366 1536 1606 1588 subripiatur
1632 1537 1894 1587 appellaturis.
1918 1539 2107 1574 Caeterum
2131 1552 2209 1575 non

1187 1607 1244 1635 est
1271 1599 1476 1636 consilium
1497 1606 1634 1635 contra
1660 1597 1862 1635 consilium
1898 1597 2076 1644 Domini,
2099 1598 2210 1648 cujus

1186 1659 1435 1710 providentia
1471 1659 1613 1696 factum
1646 1667 1703 1695 est
1734 1667 1777 1695 ut
1807 1672 1877 1695 nec
1905 1658 2210 1696 contradictores

1187 1720 1404 1766 defuerint,
1430 1733 1500 1757 nec
1530 1720 1800 1771 appellatores.
1832 1721 2083 1771 Appellatum
2106 1729 2162 1758 est
2189 1735 2210 1758 a

1187 1782 1352 1820 Falcone
1374 1781 1521 1819 decano
1542 1781 1813 1831 Lugdunensis
1844 1782 2048 1829 Ecclesiae3
2078 1784 2208 1833 appel-

99 1841 225 1878 forsan
246 1842 376 1892 putari
393 1850 547 1893 posset,
571 1842 601 1879 si
622 1855 700 1879 non
717 1842 821 1879 aliud
844 1842 916 1879 alia
931 1872 940 1888 ,
958 1855 1043 1892 quae
1063 1855 1118 1879 se·
1138 1848 1166 1884 C
1186 1845 1306 1881 latum
1327 1853 1365 1881 et
1383 1858 1402 1881 a
1419 1844 1559 1881 Pontio
1578 1843 1850 1881 archidiacono
1864 1843 2122 1893 Lingonensi;
2145 1859 2210 1895 ap-

98 1910 182 1939 cuta
201 1911 310 1949 sunt,
333 1903 561 1940 indicarent.
578 1906 627 1941 Et
645 1917 782 1940 revera
795 1903 887 1953 quid
907 1902 1009 1940 aliud
1027 1911 1118 1940 tunc

98 1963 279 2014 suspicari
329 1963 536 2001 debuimus
557 1979 566 2011 ;
605 1964 762 2015 quando
806 1964 1118 2015 archiepiscopus

100 2024 248 2062 rediens
280 2023 329 2062 ab
366 2025 434 2062 illo
472 2033 632 2062 testatus
662 2033 720 2062 est
749 2038 879 2062 coram
914 2024 1119 2071 omnibus,

101 2085 204 2122 nullo
241 2085 360 2123 modo
400 2099 489 2124 eum
529 2086 699 2124 voluisse
739 2087 984 2137 acquiescere
1003 2116 1012 2133 ,
1053 2086 1121 2123 sed

74 2165 81 2168 ·
102 2145 287 2197 quidquid
304 2146 351 2184 de
367 2160 414 2184 eo
432 2147 573 2185 factum
592 2148 716 2185 fuerat
730 2177 739 2194 ,
758 2148 915 2198 penitus
930 2147 1120 2184 refutare?

153 2206 189 2245 4.
230 2207 410 2258 Denique
446 2216 486 2245 et
524 2208 723 2245 mandavit
759 2221 852 2244 mox
889 2207 1119 2244 electionem

103 2267 194 2304 ficri.
215 2271 298 2305 Hoc
314 2281 386 2319 per
404 2268 595 2319 quosdam
615 2269 883 2319 Lingonenses
911 2268 1120 2305 canonicos

104 2335 190 2365 tunc
210 2337 419 2379 praesentes
432 2358 442 2375 ,
461 2329 536 2367 hoc
557 2338 595 2366 et
614 2342 685 2380 per
705 2330 871 2374 litteras,
893 2342 979 2379 quae
995 2328 1121 2365 adhuc

103 2396 261 2427 exstant.
291 2390 442 2439 Quibus
466 2390 506 2427 in
527 2391 697 2441 capitulo
717 2390 954 2440 Lingonensi
981 2389 1120 2426 oblatis

104 2455 140 2485 et
171 2449 299 2497 lectis,
332 2451 431 2501 proh
462 2451 612 2502 pudor!
644 2451 902 2489 incontinenti
940 2452 1120 2501 leguntur

103 2508 181 2546 aliae
199 2523 269 2560 per
298 2512 430 2549 omnia
455 2513 658 2549 contrarias
686 2513 778 2560 illis,
801 2520 1014 2550 asserentes
1037 2511 1118 2547 uti-

103 2581 176 2619 que
205 2572 537 2609 consecrationem
571 2572 748 2621 dilatam,
783 2586 863 2610 non
894 2572 1117 2619 dimissam3

1187 1907 1374 1957 pellatum
1397 1919 1417 1943 a
1438 1905 1710 1943 Bono-Amico
1737 1904 1937 1942 sacerdote
1964 1914 2001 1942 et
2022 1907 2210 1943 canonico

1190 1980 1299 2016 aeque
1331 1966 1595 2016 Lingonensi3
1633 1965 1870 2016 appellatum
1905 1973 1943 2001 et
1974 1978 1994 2002 a
2030 1965 2211 2003 fratribus

1190 2028 1331 2064 nostris
1348 2031 1533 2064 Brunone
1554 2034 1668 2076 atque
1689 2025 1878 2064 Gaufrido
1891 2032 1918 2072 ⁰,
1944 2026 2211 2076 ignorantibus

1189 2088 1344 2138 quidem
1372 2087 1554 2125 omnibus
1574 2088 1631 2124 his
1653 2087 1975 2137 praeparationem
1997 2087 2123 2124 cordis
2147 2102 2211 2124 eo-

1188 2164 1271 2187 rum
1288 2180 1297 2197 ,
1316 2150 1382 2187 sed
1400 2164 1487 2187 casu
1509 2148 1874 2200 supervenientibus
1887 2178 1896 2195 ,
1922 2148 2024 2185 haud
2047 2148 2208 2186 dubium

1187 2211 1280 2260 quin
1319 2211 1389 2248 Dei
1422 2210 1587 2261 provida
1617 2210 1831 2246 voluntate.
1865 2213 1984 2246 Tanta
2019 2209 2207 2259 siquidem

1188 2272 1258 2308 fuit
1279 2271 1448 2309 brevitas
1469 2271 1642 2317 termini,
1658 2279 1701 2307 ut
1717 2270 1800 2316 vix,
1818 2284 1866 2307 ex
1887 2284 1964 2320 quo
1983 2270 2209 2308 rescivimus

1187 2332 1311 2379 diem,
1344 2333 1469 2382 spatio
1503 2340 1671 2381 quatuor
1706 2330 1856 2367 dierum
1885 2331 2045 2368 nuntius
2077 2341 2209 2368 noster

1187 2406 1274 2430 cum
1296 2393 1433 2430 litteris
1453 2405 1655 2429 accurrere
1684 2392 1876 2441 potuerit,
1899 2400 2087 2441 quatenus
2108 2405 2208 2442 prze-

1186 2454 1337 2491 veniret
1357 2454 1461 2504 quod
1481 2452 1704 2503 parabatur,
1723 2465 1802 2488 non
1818 2461 2099 2488 sacramentum
2114 2482 2123 2498 ,
2141 2453 2206 2489 sed

1187 2516 1444 2565 sacrilegium.
1468 2518 1515 2551 Et
1540 2515 1570 2551 is
1593 2527 1750 2563 quoque
1779 2513 2028 2549 nihilominus
2052 2522 2206 2550 contra-

1188 2576 1303 2622 dixit,
1329 2584 1366 2613 et
1393 2585 1466 2612 tam
1489 2573 1794 2612 consecrandum
1818 2587 1931 2623 quam
1959 2583 2206 2610 consecratu—

104 2631 332 2682 assignantes
349 2632 450 2671 diem
469 2642 508 2672 et
535 2634 665 2672 locum
691 2635 739 2672 ad
760 2649 913 2672 causam
933 2634 1114 2672 deciden-
1136 2643 1170 2678 D
1186 2650 1251 2674 ros
1280 2636 1327 2673 ad
1357 2636 1494 2674 Sedem
1524 2635 1772 2685 apostolicam
1798 2634 2016 2684 appellavit.
2047 2638 2093 2671 Et
2124 2636 2204 2685 ipsc

103 2688 210 2740 dam,
228 2706 343 2743 quam
362 2694 500 2732 litterae
519 2696 670 2746 priores
684 2696 916 2734 nuntiabant
937 2696 1116 2734 decisam.

104 2752 256 2791 Putares
281 2754 321 2791 in
347 2755 486 2793 litteris
515 2769 595 2793 non
620 2757 737 2794 modo
770 2757 966 2805 diversas,
989 2757 1055 2794 sed
1081 2765 1119 2794 et

105 2810 277 2851 adversas
304 2814 377 2852 sibi
398 2816 601 2866 loquentes
619 2831 827 2868 personas,
851 2818 1056 2855 adversum
1077 2830 1117 2855 se

104 2869 264 2910 invicem
280 2875 559 2914 contendentes
579 2892 586 2914 ε
606 2878 678 2916 nisi
695 2878 801 2929 quod
814 2892 890 2916 una
904 2878 1117 2928 eademque

104 2929 225 2983 imago
244 2934 430 2986 impressa
450 2937 595 2985 cerisb,
615 2952 738 2976 unum
765 2939 946 2990 idemque
973 2953 1116 2977 nomen

105 2993 370 3044 praesignatum
400 2998 441 3035 in
476 2999 687 3046 schedulis,
724 3001 924 3038 manifeste
959 3001 1006 3037 de
1037 3014 1115 3037 uno

156 3156 166 3171 ¹
183 3155 198 3184 1
215 3154 297 3187 Tim.
314 3167 346 3195 v,
365 3160 421 3189 22.
440 3176 485 3181 —
500 3165 514 3181 ²
531 3160 604 3192 Isai.
618 3172 752 3203 xxvnx,
780 3163 832 3198 10,
860 3164 915 3193 13.

1185 2707 1268 2736 erat
1300 2697 1554 2748 Lingonensis
1587 2695 1805 2732 canonicus.
1844 2695 2051 2732 Veritatem
2087 2695 2201 2739 dieo,

1186 2773 1266 2797 non
1288 2760 1481 2796 mentior:
1502 2758 1596 2795 nihil
1627 2771 1647 2793 a
1678 2769 1737 2793 me
1768 2756 1828 2792 hic
1855 2755 1998 2792 dietum
2028 2769 2204 2806 persona:

1185 2821 1298 2868 odio,
1321 2820 1388 2858 sed
1406 2821 1489 2858 solo
1507 2818 1678 2856 veritatis
1707 2830 1838 2854 amore
1859 2817 2047 2854 veraciter
2071 2817 2201 2854 omnia

1184 2882 1312 2933 posita
1327 2911 1337 2928 ,
1360 2889 1454 2919 teste
1472 2881 1556 2932 ipsa
1574 2880 1754 2918 Veritate.

152 3213 166 3228 ³
183 3215 347 3256 Hugonem
365 3217 482 3251 scilicet
494 3243 502 3258 ‚
522 3219 622 3252 filium
641 3220 763 3253 Odonis
783 3221 974 3263 Burgundiae
989 3221 1077 3253 ducis
1091 3233 1128 3253 ex
1144 3223 1249 3254 Maria
1270 3222 1333 3254 filia
1347 3221 1525 3254 Theohaldi
1544 3222 1724 3264 Campania?
1741 3220 1876 3251 comitis.

154 3259 171 3283 ι’
188 3269 309 3312 Nempe
324 3271 409 3302 Petri
423 3272 650 3317 archiepiscopi
663 3275 766 3318 imago
781 3276 932 3319 impressa
951 3275 1051 3318 sigillo
1069 3287 1159 3308 cereo
1174 3302 1180 3315 ‚
1198 3276 1238 3308 de
1254 3287 1342 3308 more
1354 3276 1482 3308 illorum
1496 3282 1687 3319 temporum.
1705 3279 1753 3306 De
1770 3274 1855 3306 Petri
1874 3272 1964 3314 hujus
1985 3269 2090 3300 obitu.
2118 3267 2197 3298 infra

107 3317 139 3351 in
156 3320 285 3363 epistola
304 3326 380 3356 172.
400 3326 451 3357 Ad
464 3335 536 3358 eum
553 3328 687 3370 epistola
702 3332 780 3361 394.

151 3379 166 3395 c
183 3376 230 3406 De
252 3378 400 3410 Brunone
413 3386 517 3418 actum
531 3393 625 3424 supra
643 3383 681 3414 ad
696 3384 860 3426 epistolam
883 3387 957 3416 14:¹2.
983 3385 1154 3418 Gaufridus
1172 3384 1295 3415 videtur
1317 3395 1384 3415 esse
1403 3384 1427 3414 is
1447 3383 1500 3425 qui
1516 3388 1622 3425 postea
1644 3380 1792 3412 Bernardi
1811 3377 1957 3409 notarim.
