2533 3920
360 277 434 314 2:³ss

1120 279 1155 313 S.
1187 279 1439 314 BERNARDI
1469 278 1670 313 ABBATIS

2363 276 2438 313 240

361 354 469 391 (lecet
490 354 674 399 hominis,
704 367 817 403 quam
843 354 911 391 Dei
940 353 1122 390 famulum
1150 354 1368 391 nominari?
1384 353 1415 371 ⁸²
1435 353 1486 390 ris
1502 353 1669 390 brevitas
1686 350 2014 401 supersedendum
2033 351 2217 388 indiceret
2234 368 2242 389 ε
2260 353 2441 391 maxime-

362 429 404 451 ac
424 414 587 461 terreni,
609 428 723 463 quam
744 414 907 451 coelestis
923 414 1037 463 Regis
1054 414 1128 451 dici
1146 415 1347 452 officialem
1361 444 1371 462 ‚
1389 418 1421 452 A
1439 427 1512 463 que
1533 414 1623 463 quia
1643 421 1678 450 te
1699 411 1894 449 offendere
1917 411 2062 448 veritus
2080 425 2162 448 sum
2176 442 2185 458 ‚
2206 413 2362 463 peperci
2376 414 2442 452 ho-

362 474 505 511 altioris
525 475 679 511 ducitur
699 474 919 524 dignitatis?
944 475 1017 522 Qui
1038 475 1140 511 clero
1170 475 1339 512 militiam
1356 504 1366 522 ‚

365 535 490 570 sorum
526 533 726 584 anteponit
764 533 940 570 Ecclesiae
957 548 967 580 ;
1014 533 1154 570 divinis
1194 534 1367 584 profecto

363 593 554 640 humana,
572 593 786 630 coelestibus
805 594 985 643 praeferre
1007 601 1156 630 terrena
1177 594 1370 630 convinci—

363 663 436 690 tur.
454 658 553 703 Ergo
568 654 764 704 pulchrius
784 662 838 691 est
856 653 987 691 vocari
1001 653 1213 704 dapiferum
1227 682 1236 699 ‚
1257 668 1371 703 quam

362 714 549 751 decanum
562 744 571 761 ‚
597 728 711 764 quam
729 714 1065 751 archidiaconum?
1084 717 1150 751 Est
1167 714 1344 764 equidem
1359 744 1369 761 ,

362 774 427 810 sed
448 774 564 819 laico,
587 788 665 811 non
684 774 842 821 clerico,
871 774 999 819 militi,
1023 787 1102 810 non
1124 774 1303 811 diacono.

419 833 476 870 12.
491 834 586 870 Mira
598 863 607 879 ,
624 833 689 870 sed
706 847 803 870 caeca
819 833 975 870 ambitio
987 862 996 879 ‚
1015 834 1133 883 magis
1153 834 1237 871 imis
1254 848 1369 884 quam

364 893 523 929 summis
552 892 754 939 delectari3
788 903 825 930 et
855 894 914 930 cui
944 894 1052 930 funes
1085 893 1300 930 ceciderant
1329 895 1368 931 in

362 953 574 1001 praeclaris,
595 953 799 989 insatiabili
820 953 1009 989 desiderio
1030 953 1240 1003 amplexari
1269 962 1369 990 ster-

361 1024 472 1057 cora,
494 1019 530 1047 et
555 1025 626 1060 pro
654 1012 773 1047 nihilo
799 1011 940 1048 habere
965 1020 1105 1048 terram
1134 1011 1370 1049 desiderabi—

361 1071 447 1107 lem.
481 1071 691 1108 Confundit
723 1072 876 1121 penitus
910 1071 1066 1107 ordines
1085 1100 1094 1117 ‚
1132 1080 1170 1107 et
1204 1080 1371 1122 utroque

1437 474 1551 519 mini,
1577 474 1721 523 quippe
1744 485 1857 522 quem
1882 471 1949 508 tibi
1967 472 2074 508 aiunt
2094 472 2340 510 familiaribus
2361 472 2440 523 jam

1437 534 1527 569 olim
1560 533 1733 570 amicitiis
1761 545 1842 568 esse
1871 531 2106 568 devinctum.
2133 533 2206 570 Sed
2236 533 2377 570 nollem
2406 543 2442 571 te

1438 592 1577 629 habere
1595 601 1727 629 contra
1744 592 1941 628 veritatem
1960 592 2136 629 amicum.
2160 592 2198 630 Si
2215 600 2338 629 tamen
2355 605 2443 642 per-

1439 654 1558 700 sistis,
1577 666 1709 690 verum
1733 661 1766 689 te
1785 652 1947 689 amicum
1966 652 2088 702 proba
2112 667 2120 689 :
2143 661 2181 689 et
2194 648 2246 689 da
2266 665 2441 703 operam,

1439 714 1635 764 quomodo
1653 722 1690 750 et
1716 714 1796 763 ipse
1817 713 1959 750 amicus
1980 713 2027 749 sit
2044 713 2224 750 veritatis.
2253 717 2358 750 Tunc
2375 712 2444 750 de-

1437 788 1542 811 mum
1562 787 1664 810 verae
1690 782 1804 810 erunt
1830 773 2025 820 amicitiae,
2052 774 2082 810 si
2109 773 2279 810 veritatis
2305 773 2445 810 fuerint

1438 834 1630 871 foederatae
1645 834 1852 871 consortio.
1870 834 1982 882 Quod
1998 834 2027 870 si
2041 834 2104 871 ille
2120 846 2198 870 non
2213 833 2446 882 acquieverit

1438 893 1522 940 tibi3
1548 902 1634 931 tene
1652 894 1756 943 quod
1776 902 1901 939 tenes,
1924 894 2135 943 hostiaeque
2155 892 2313 930 caudam
2327 890 2446 941 junge

1437 954 1550 1003 capiti
1563 955 1601 1000 *,
1618 968 1659 990 ac
1677 954 1843 990 tunicam
1855 983 1864 999 ‚
1885 954 1955 991 Dei
1971 954 2088 1003 gratia
2103 952 2182 1002 jam
2200 952 2444 1003 polymitam,

1437 1027 1529 1051 cura
1555 1014 1678 1050 facere
1709 1022 1747 1050 et
1775 1014 1931 1050 talarem
1960 1028 1968 1050 :
1997 1014 2180 1063 quoniam
2207 1013 2364 1063 coepisse
2393 1012 2445 1049 nil

1439 1073 1630 1123 proderit,
1651 1073 1681 1110 si
1703 1072 1831 1123 (quod
1848 1072 1944 1110 absit
1959 1072 1973 1122 )
1988 1086 2066 1109 non
2085 1086 2333 1123 perseverare
2350 1085 2446 1109 con—

359 1129 486 1165 officio
503 1129 660 1166 delicate
678 1130 765 1167 satis
782 1129 979 1167 abutitur:
1001 1130 1093 1166 dum
1114 1139 1152 1167 et
1171 1131 1260 1167 hinc
1280 1145 1367 1168 eum
1389 1136 1416 1170 B
1438 1133 1575 1183 tigerit.
1597 1137 1644 1171 Et
1663 1133 1724 1170 hic
1749 1133 1797 1170 sit
1815 1133 1988 1183 epistolae
2014 1133 2120 1180 finis,
2142 1132 2209 1170 ubi
2232 1141 2274 1170 tu
2299 1132 2347 1169 de
2373 1133 2448 1170 fine

359 1188 523 1225 delectat
542 1202 704 1239 pompa,
728 1202 806 1226 non
824 1190 956 1226 militia
977 1191 1184 1237 saecularis;
1211 1200 1249 1228 et
1265 1192 1371 1229 illinc

358 1257 546 1298 quaestus,
568 1263 645 1287 non
665 1251 790 1288 cultus
810 1251 1017 1301 religionis.
1041 1255 1085 1288 In
1107 1265 1186 1301 quo
1207 1253 1291 1302 quis
1313 1253 1370 1290 fa-

359 1310 430 1346 cile
451 1323 530 1347 non
551 1310 725 1347 advertat
753 1319 939 1360 quantum
961 1311 1008 1348 sit
1037 1311 1256 1358 dedecoris,
1291 1326 1370 1350 non

361 1370 486 1407 minus
506 1370 638 1420 utique
657 1384 793 1420 regno,
812 1384 926 1420 quam
944 1371 1184 1408 sacerdotio?
1200 1375 1253 1409 Ijt
1270 1373 1370 1410 enim

361 1430 544 1467 clericalis
579 1439 728 1467 constat
762 1443 841 1467 non
872 1444 953 1467 esse
987 1431 1202 1480 dignitatis,
1236 1446 1368 1483 regum

360 1490 558 1539 stipendiis
572 1490 734 1527 militare
749 1505 757 1527 :
775 1491 827 1528 sic
842 1504 910 1527 nec
925 1491 1037 1540 regiae
1051 1490 1273 1541 majestatis,
1289 1508 1368 1531 rem

360 1549 517 1586 fortium
549 1549 816 1587 administrare
849 1564 920 1600 per
957 1551 1116 1587 clericos
1133 1551 1162 1588 *.
1196 1554 1370 1603 Denique

359 1611 534 1660 quisnam
564 1624 695 1660 regum
723 1624 799 1648 suae
823 1624 992 1661 unquam
1021 1612 1165 1649 militiae
1188 1614 1369 1651 clericum

361 1670 529 1719 praefeeit
563 1669 756 1708 imbellem
776 1700 784 1716 ‚
823 1679 860 1707 et
889 1685 967 1708 non
1001 1672 1120 1721 magis
1149 1674 1369 1723 quempiam

362 1730 609 1767 fortissimum
627 1743 672 1767 ex
691 1730 898 1768 militibus?
918 1731 1011 1779 Quis
1030 1732 1121 1769 item
1143 1734 1369 1771 clericorum

361 1789 568 1838 aliquando
594 1802 702 1839 aeque
724 1789 796 1828 sibi
821 1803 898 1826 non
924 1790 1115 1840 judicavit
1142 1792 1342 1842 indignum
1358 1822 1367 1839 ,

363 1849 466 1885 laicae
497 1847 772 1899 cujuscumque
806 1863 984 1900 personae
1015 1852 1224 1902 mancipari
1254 1852 1370 1890 obse-

365 1908 463 1957 quiis
475 1909 489 1943 Ρ
500 1911 631 1958 Ipsum
643 1917 744 1945 certe
757 1909 861 1958 quod
875 1918 995 1959 gestat
1008 1910 1046 1946 in
1062 1911 1185 1961 eapite
1203 1912 1367 1961 signum,
1388 1917 1415 1953 C

363 1968 450 2016 plus
483 1968 609 2017 regius
650 1968 758 2005 decet
794 1969 911 2006 fastus
932 1998 942 2016 ,
984 1984 1099 2019 quam
1134 1971 1335 2009 famulatus
1360 1988 1369 2019 3

364 2027 532 2076 itemque
562 2027 686 2076 regale
714 2028 903 2078 fastigium
935 2030 1052 2079 magis
1079 2030 1193 2067 armis
1210 2060 1219 2077 ,
1258 2045 1371 2081 quam

362 2085 519 2136 psalmis
533 2087 722 2124 innititur.
741 2091 837 2126 Sane
853 2088 883 2125 si
899 2089 1006 2126 alteri
1022 2090 1119 2126 forte
1135 2089 1198 2140 (ut
1214 2092 1371 2142 assolet)

362 2146 596 2193 accessisset,
611 2147 716 2196 quod
732 2148 945 2185 detrahitur
959 2149 1085 2195 alteri,
1105 2163 1183 2199 quo
1197 2152 1256 2187 vel
1274 2153 1373 2201 regis

365 2205 767 2244 videlieethumiliatio
782 2207 962 2244 clericum
983 2209 1146 2258 amplius
1169 2209 1372 2248 sublimas-

365 2273 440 2311 set,
469 2273 534 2302 aut
554 2266 680 2303 clerici
706 2275 807 2303 certe
831 2265 995 2316 dejectio
1018 2268 1122 2317 regio
1151 2270 1374 2307 contulisset

365 2325 504 2361 honori
523 2340 531 2362 :
553 2333 596 2361 ut
612 2324 718 2362 verbi
738 2326 874 2375 gratia,
893 2326 923 2363 si
943 2325 1082 2364 nobilis
1096 2327 1222 2378 aliqua
1236 2330 1375 2367 mulier

366 2385 449 2421 viro
463 2383 583 2421 nubat
597 2384 746 2435 plebeio
757 2414 766 2431 ‚
783 2386 846 2423 illa
859 2386 1012 2437 quidem
1030 2388 1215 2425 minuitur
1228 2402 1275 2425 ex
1287 2389 1374 2437 illo,

368 2444 434 2481 sed
454 2458 500 2481 ex
518 2444 581 2481 illa
607 2445 741 2482 crescit
760 2446 823 2482 ille
846 2462 854 2482 :
877 2447 907 2483 si
927 2446 979 2483 ita
994 2475 1003 2493 ,
1025 2447 1203 2497 inquam,
1226 2449 1286 2485 vel
1307 2463 1375 2487 rex

369 2518 414 2541 ex
433 2504 591 2549 clerico,
615 2504 673 2540 vel
693 2505 852 2542 clericus
871 2519 918 2543 ex
938 2519 1026 2556 rege
1046 2508 1273 2556 proficeret3
1295 2522 1376 2546 ma-

368 2565 446 2600 lum
471 2563 577 2613 quod
600 2577 644 2601 ex
672 2573 780 2614 parte
801 2565 953 2614 fuisset,
978 2575 1189 2617 utcumque
1217 2568 1374 2605 forsitan

369 2622 524 2659 tolerari
545 2621 744 2660 debuerat.
770 2627 878 2661 Nunc
899 2633 1027 2662 autem
1053 2639 1139 2662 cum
1160 2627 1377 2665 utriuslibet

1436 1192 1530 1230 boni
1554 1192 1812 1230 COsssanIlitUS
1827 1206 1879 1230 OS.

1438 1332 1491 1342 “xxx
1496 1332 1522 1341 -ιι
1527 1332 1567 1341 ==z
1571 1332 1581 1341 ι
1585 1332 1724 1342 ικςινιιιιι
1728 1333 1755 1343 ς’-
1759 1333 1812 1342 savz
1816 1333 1827 1342 ι
1831 1332 1971 1342 ιψνιιινικι
1975 1332 2045 1342 xxx-a
2049 1331 2379 1342 νκιηννυκιιυαννικωιςαις
2383 1330 2419 1340 ιιι
2423 1330 2447 1339 s-

1590 1468 1962 1526 EPISTOLA
1997 1456 2295 1524 LXXIX.¹'

1718 1623 1764 1644 AD
1794 1622 1962 1645 ΑΒΒΑΤΕΜ
1994 1621 2115 1645 Lucam
2137 1608 2166 1645 *.

1438 1736 1637 1768 Feminarum
1661 1735 1902 1767 contubernium
1922 1735 2103 1778 fugiendum
2119 1741 2238 1768 monet.
2263 1738 2300 1768 Et
2316 1736 2390 1778 quid
2409 1737 2449 1769 de

1649 1789 1746 1822 fratre.
1759 1789 1791 1821 in
1813 1789 1930 1821 crimen
1944 1791 2032 1833 lapso
2048 1790 2236 1823 faciendum.

1494 1914 1525 1948 1.
1547 1914 1695 1948 Bonum
1716 1910 1828 1948 nobis
1846 1910 1892 1947 de
1909 1919 1964 1957 te,
1981 1910 2218 1958 charissime,
2241 1919 2278 1948 et
2299 1910 2444 1948 bonum

1436 1970 1547 2007 valde
1569 1984 1697 2007 rarum
1727 1970 1950 2016 ostendisti,
1978 1969 2068 2006 dum
2099 1969 2257 2006 minoris
2279 1978 2339 2016 te,
2369 1983 2444 2007 non
2487 1980 2490 1983 '

1438 2031 1561 2067 solum
1592 2044 1669 2067 non
1704 2030 1980 2080 contempseris
2007 2029 2178 2076 monita,
2213 2030 2278 2067 sed
2311 2031 2448 2081 gratias

1439 2091 1595 2140 insuper
1626 2091 1802 2128 retuleris
1828 2091 2011 2127 monitori
2038 2106 2046 2127 ε
2074 2090 2286 2140 prudenter
2316 2093 2448 2141 utique

1440 2164 1517 2187 non
1536 2165 1556 2188 a
1573 2165 1650 2201 quo
1664 2181 1673 2198 ,
1695 2151 1760 2188 sed
1781 2150 1875 2200 quid
1897 2151 2108 2188 monereris
2125 2151 2336 2188 attendens.
2356 2154 2447 2190 Gra-

1441 2211 1510 2248 tias
1539 2223 1609 2260 ago
1633 2220 1670 2249 et
1700 2212 1781 2262 ipse
1808 2215 1914 2257 Deo,
1947 2211 2052 2260 quod
2086 2225 2171 2248 mea
2199 2212 2448 2262 praesumptio

1441 2271 1598 2320 gratiam
1621 2271 1698 2320 egit
1728 2271 1866 2320 magis,
1898 2284 2011 2320 quam
2033 2270 2331 2320 indignationem
2364 2284 2446 2307 me-

1442 2330 1574 2367 ruerit.
1608 2334 1796 2367 Tenentes
1818 2330 1944 2379 itaque
1977 2338 2051 2366 tuae
2082 2337 2194 2366 tantae
2226 2330 2447 2367 humilitatis

1441 2390 1611 2439 insigne,
1646 2389 1823 2438 ampliori
1842 2387 1920 2437 jam
1946 2388 2082 2425 fiducia
2111 2402 2313 2426 monemus
2342 2389 2446 2439 quod

1441 2457 1479 2486 et
1494 2449 1601 2499 prius
1618 2448 1848 2485 monuimus.
1870 2447 2122 2485 Obsecramus
2140 2462 2209 2498 per
2225 2450 2446 2499 sanguinem

1440 2509 1547 2545 illum
1569 2508 1632 2557 qui
1650 2521 1722 2557 pro
1743 2506 1941 2544 animabus
1960 2507 2064 2544 fusus
2085 2516 2164 2554 est,
2187 2521 2233 2545 ne
2251 2509 2346 2546 tanti
2365 2522 2447 2546 em—

1442 2575 1594 2618 ptarum
1615 2566 1918 2617 parvipendatur
1936 2567 2148 2616 periculum
2163 2597 2173 2614 ,
2194 2568 2299 2618 quod
2327 2569 2448 2605 maxi-

1442 2640 1502 2664 me
1515 2640 1561 2663 ex
1579 2627 1749 2664 virorum
1771 2635 1808 2663 et
1830 2627 2056 2664 seminarum
2076 2628 2356 2666 cohabitatione
2371 2643 2446 2667 non

370 2682 573 2719 diminutio
601 2691 779 2720 neutrum
807 2685 1017 2733 provehat,
1047 2685 1112 2722 sed
1142 2699 1220 2722 suae
1249 2688 1377 2737 potius
1395 2693 1427 2727 D
1444 2686 1635 2723 immerito
1657 2687 1813 2723 timetur
1832 2687 1879 2724 ab
1901 2688 1976 2733 his,
1999 2688 2064 2737 qui
2084 2688 2123 2724 in
2143 2689 2271 2725 schola
2292 2690 2360 2726 Dei
2383 2689 2447 2726 diu

368 2743 592 2779 alterutrum
604 2743 812 2792 plurimum
825 2743 1025 2781 detrahant
1035 2744 1229 2794 dignitatis
1238 2774 1247 2792 ‚
1260 2760 1378 2795 quan-

370 2802 420 2837 do
439 2814 507 2837 nec
524 2801 703 2838 clericum
723 2802 830 2839 decet
843 2804 941 2853 regis
953 2833 963 2850 ,
984 2813 1025 2841 ut
1041 2804 1183 2841 dictum
1198 2813 1275 2851 est,
1297 2819 1376 2843 esse

373 2861 549 2897 vocarive
593 2861 826 2910 dapiferum,
864 2871 902 2899 ct
935 2863 1182 2901 nihilominus
1221 2878 1346 2915 regem
1364 2896 1374 2913 ,

373 2921 443 2957 nisi
460 2921 497 2957 in
516 2933 631 2957 manu
648 2921 779 2971 utique
800 2923 954 2960 fortium
967 2951 976 2968 ,
996 2924 1102 2972 regni
1118 2923 1375 2973 gubernacula

373 2979 566 3030 possidere
585 2995 592 3015 :
612 2981 748 3016 mirum
774 2981 883 3018 valde
901 2983 1097 3032 quomodo
1123 2992 1283 3033 utraque
1300 2998 1374 3035 po-

374 3048 485 3076 testas
500 3038 572 3074 hoe
586 3039 749 3088 patitur,
767 3040 872 3090 quod
889 3042 949 3078 vel
966 3043 1131 3079 Ecclesia
1153 3056 1230 3079 non
1247 3043 1377 3093 abjicit

374 3098 577 3134 diaconum
594 3097 838 3145 militm-ema,
861 3100 919 3135 vel
941 3100 1045 3136 curia
1066 3101 1243 3138 clericum
1267 3103 1376 3152 prin-

373 3157 494 3208 cipem
517 3170 595 3192 non
615 3158 837 3194 contemnit.

429 3218 488 3254 13.
521 3220 568 3254 Et
593 3218 715 3254 acrius
745 3218 815 3255 ista
844 3227 881 3254 et
914 3219 1160 3269 multiplicius
1188 3221 1376 3259 inculcare

371 3277 592 3323 volueram,
612 3290 655 3313 ac
676 3276 843 3314 fortassis
860 3277 1088 3325 debueram,
1111 3280 1180 3316 nisi
1197 3280 1376 3329 epistola-

420 3399 628 3436 ¹llC01.11,
654 3399 703 3428 11.
727 3401 825 3429 —11
846 3399 918 3430 Cor.
941 3411 993 3436 vx.
1016 3403 1066 3431 18.

1440 2745 1519 2795 jam
1544 2755 1678 2783 contra
1701 2747 1842 2783 diaboli
1865 2755 2098 2784 tentamenta
2118 2748 2271 2794 luctati,
2293 2748 2448 2799 propria
2500 2767 2502 2773 v

1443 2806 1675 2856 experientia
1689 2807 1813 2843 edocti
1830 2806 1954 2843 dicere
1968 2815 2127 2857 possunt
2140 2821 2225 2844 eum
2241 2808 2446 2858 Apostolo:

1443 2868 1528 2902 Non
1558 2871 1656 2902 em'm
1687 2871 1904 2916 ignoramus
1933 2873 2092 2903 (mutius
2122 2872 2201 2913 (jus
2220 2873 2242 2903 ¹.
2273 2867 2447 2917 Denique

1441 2939 1555 2975 quam
1576 2940 1652 2963 non
1679 2927 1914 2977 negligenter
1945 2936 1980 2964 te
2009 2935 2187 2977 oporteat
2212 2927 2344 2964 audire
2370 2939 2446 2964 non

1442 2999 1567 3022 meum
1582 3014 1590 3031 ‚
1612 2986 1676 3023 sed
1695 2987 1812 3036 ipsius
1829 2987 2005 3037 Apostoli
2021 2987 2069 3024 de
2085 2987 2154 3023 hac
2172 3001 2211 3024 re
2227 2987 2445 3034 eonsilium,

1443 3045 1520 3081 imo
1540 3055 1773 3095 praeceptum
1791 3055 1922 3096 aperte
1942 3046 2159 3092 clamantis,
2182 3048 2310 3094 Fugite
2316 3044 2446 3094 sorni—

1443 3108 1626 3140 cntionem
1638 3111 1649 3125 ³
1663 3120 1672 3151 ;
1692 3105 1809 3155 ipsius
1825 3118 1927 3142 nunc
1941 3114 2015 3142 tam
2035 3106 2197 3156 turpiter
2214 3105 2308 3155 lapsi
2324 3105 2446 3142 fratris

1443 3164 1585 3214 (super
1613 3178 1690 3213 quo
1716 3174 1752 3201 et
1782 3174 1951 3203 nostram
1975 3165 2151 3214 dignatus
2180 3177 2219 3202 es
2249 3165 2445 3202 consulere

1443 3224 1693 3273 parvitatem)
1725 3233 1760 3261 te
1786 3225 1920 3262 doceat
1947 3225 2264 3275 experimentum.
2295 3227 2350 3261 De
2370 3235 2445 3273 quo

1443 3283 1596 3333 quidem
1620 3285 1760 3329 miror,
1783 3284 1875 3334 quid
1899 3284 1965 3321 tibi
1986 3285 2108 3321 visum
2135 3284 2269 3330 suerit,
2290 3297 2350 3320 me
2371 3291 2444 3320 tam

1556 3411 1568 3425 ·’·
1586 3405 1688 3439 Alias.
1711 3404 1850 3437 militem.
1869 3425 1908 3429 -
1925 3399 1939 3421 ¹'
1959 3406 2079 3448 Scripta
2099 3405 2179 3437 eirca
2203 3415 2319 3436 aunum
2344 3405 2440 3436 1130.
