2517 3920
299 206 395 244 1:267

1071 202 1106 238 S.
1137 199 1390 236 BERNARDI
1420 197 1621 233 ABBATIS

295 295 334 321 et
352 283 455 320 omni
475 281 620 332 populo
640 280 773 326 simul,
797 279 982 329 impetum
1004 277 1228 315 mirabiliter
1248 273 1359 311 iii-³¹⁵¹
1376 274 1455 309 haec
1495 273 1642 309 dulcior
1684 270 1855 307 videatur

2278 194 2376 233 1238

1894 285 1900 306 :
1940 270 2133 321 magisque
2168 270 2378 310 infirmitati

296 345 450 389 bibens,
474 344 616 380 siccum
637 343 675 379 in
699 355 738 379 se
771 341 970 378 transitum
993 339 1158 390 praebuit
1175 344 1199 375 ¹.
1227 340 1304 373 De-
1325 335 1355 368 A
1373 333 1593 370 blandiatur
1628 332 1806 368 liumanae
1838 331 1947 380 quies
1974 330 2235 377 dormitionis,
2266 345 2377 382 quam

296 406 412 454 nique
430 404 522 453 quid
541 404 579 441 in
598 402 821 440 fluminibus
842 402 914 438 isto
933 400 1178 444 eminentius,
1199 395 1304 447 quod

293 466 376 515 ipsa
404 464 491 501 5111ιἸ
521 464 683 501 Trinitas
713 462 877 512 quadam
908 460 1076 498 evidenti
1103 456 1306 509 praesentia

298 525 512 561 dedicavit?
543 528 654 562 Pater
686 523 856 567 auditus,
893 522 994 558 visus
1026 520 1188 570 Spiritus
1219 530 1307 554 san-

296 594 401 632 ctus,
428 585 544 623 Filius
574 593 629 622 est
660 593 698 620 et
729 583 953 633 baptizatus⁸
979 580 1115 618 Merito
1145 577 1308 628 proinde

295 645 418 695 ipsam
449 645 531 695 ejus
556 645 759 689 virtutem,
782 657 895 692 quam
921 646 1089 679 Naaman
1116 640 1178 676 ille
1214 652 1308 675 con-

296 707 443 743 sulente
473 706 664 756 Propheta
696 705 813 742 sensit
839 704 876 740 in
905 706 1118 752 corpore²,
1147 699 1308 749 jubente

297 767 448 803 Christo
483 767 685 803 universus
727 777 881 814 quoque
920 762 1041 799 fidelis
1070 760 1239 811 populus
1270 759 1307 795 in

300 827 427 863 anima
447 826 654 877 experitur.

671 944 849 983 CAPUT
880 944 933 981 X.

640 1072 688 1100 De
715 1069 784 1099 loco
813 1067 977 1100 Calvariae.

356 1184 414 1221 17.
446 1183 580 1221 Exitur
597 1176 710 1219 etiam
728 1182 763 1219 111
785 1180 965 1220 Calvariae
987 1180 1112 1216 locum
1130 1207 1139 1223 ,
1157 1177 1224 1215 ubi
1241 1190 1310 1214 ve-

300 1258 364 1281 rus
390 1245 546 1282 Elisaeus
572 1243 618 1281 ab
638 1243 838 1280 insensatis
865 1241 993 1292 pueris
1019 1239 1173 1285 irrisus,
1194 1238 1309 1275 risum

301 1305 378 1341 suis
410 1305 616 1341 insinuavit
643 1313 828 1341 aeternum
847 1332 855 1348 ‚
878 1302 924 1339 de
951 1300 1090 1352 quibus
1112 1301 1164 1337 ait
1185 1314 1192 1335 :
1215 1302 1312 1335 Ecce

300 1378 384 1414 (⁷30,
406 1375 440 1400 ec
456 1370 569 1413 pueri
602 1370 676 1400 mei
685 1394 696 1410 ,
719 1378 809 1413 quos
837 1364 931 1400 milii
954 1364 1058 1398 dedit
1086 1364 1268 1398 Dominus
1286 1358 1312 1396 3.

302 1425 398 1461 Boni
420 1426 550 1475 pueri,
573 1438 668 1475 quos
687 1439 756 1475 per
777 1424 1012 1461 contrarium
1034 1423 1189 1459 illorum
1207 1420 1317 1457 mali—

302 1487 501 1536 gnantium
525 1487 571 1523 ad
598 1486 749 1523 laudem
767 1486 908 1522 excitat
928 1484 1143 1529 Psalmista,
1168 1483 1315 1528 dicens,

302 1551 488 1591 Lmulate,
509 1553 633 1597 pueri,
665 1549 883 1591 Dominum,
908 1547 1060 1581 laudate
1087 1557 1221 1580 nomen
1243 1546 1317 1578 Do-

305 1609 440 1654 mini&
462 1616 651 1657 quatenus
669 1608 706 1644 in
731 1620 797 1643 ore
818 1614 1037 1643 sanctorum
1056 1603 1257 1640 infantium
1279 1609 1318 1638 et

306 1669 529 1705 lactentium
552 1669 801 1718 perficeretur
830 1668 931 1713 laus,
959 1680 1044 1716 quae
1079 1678 1124 1702 ex
1155 1678 1221 1701 ore
1249 1663 1318 1700 de-

307 1729 448 1766 fecerat
479 1729 720 1775 invidorum,
748 1742 881 1765 eorum
914 1727 1067 1777 utique,
1104 1725 1150 1762 de
1183 1724 1321 1775 quibus

307 1791 484 1839 queritur
502 1790 554 1827 ita
571 1805 578 1826 ε
602 1792 716 1826 Filios
736 1792 889 1825 enutrivi
910 1798 945 1823 et
962 1790 1145 1831 exaltavi,
1168 1790 1238 1833 ipsi
1258 1799 1323 1820 au-

1371 394 1480 431 labor
1511 392 1835 437 conversationis3
1871 390 2006 427 mortis
2038 391 2240 435 securitas,
2267 406 2378 442 quam

1373 456 1459 492 vitae
1476 454 1679 491 rectitudo.
1700 453 1784 488 Vita
1800 450 1959 497 Christi,
1978 451 2135 488 vivendi
2149 451 2240 488 mihi
2254 453 2381 501 regula

1374 515 1543 553 exstitit:
1564 527 1691 560 mors,
1719 526 1738 549 a
1761 520 1883 549 morte
1911 511 2138 561 redemptio.
2170 511 2238 548 Illa
2265 512 2380 549 vitam

1376 575 1575 621 instruxit,
1599 583 1761 611 mortem
1796 573 1865 609 ista
1895 571 2094 608 destruxit.
2116 571 2201 609 Vita
2230 572 2381 622 quidem

1376 636 1565 673 laboriosa
1581 665 1590 682 ,
1607 635 1673 672 sed
1690 647 1792 671 mors
1810 633 2000 683 pretiosa3
2020 640 2181 682 utraque
2199 645 2293 669 vero
2312 632 2381 670 ad-

1376 697 1531 734 modum
1555 695 1776 733 necessaria.
1799 693 1897 743 Quid
1921 693 2023 730 enim
2046 692 2184 731 Christi
2204 693 2384 743 prodesse

1375 766 1544 808 poterat,
1572 756 1651 793 sive
1677 768 1780 791 mors
1810 754 1985 803 nequiter
2008 752 2174 798 viventi,
2203 753 2282 789 sive
2307 753 2384 790 vita

1375 817 1644 855 damnabiliter
1680 815 1886 852 morienti?
1915 814 2109 864 Numquid
2136 813 2301 864 denique
2323 823 2386 851 aut

1377 891 1480 915 mors
1509 878 1645 915 Christi
1677 877 1790 913 etiam
1821 889 1924 912 nunc
1955 876 2051 911 male
2072 888 2194 925 usque
2215 874 2262 910 ad
2283 888 2386 912 mor-

1365 949 1454 985 *tem
1475 939 1647 975 viventes
1670 951 1690 974 a
1711 945 1835 973 morte
1856 945 1998 973 aeterna
2014 934 2153 972 liberat
2167 964 2176 982 ,
2197 943 2263 971 aut
2283 949 2387 972 mor-

1379 1008 1464 1036 tuos
1488 1007 1574 1035 ante
1595 998 1787 1035 Christum
1812 1004 1963 1033 sanctos
1984 1003 2112 1046 patres
2133 995 2220 1032 vitae
2249 997 2388 1033 sancti-

1331 1056 1358 1090 Β
1381 1068 1435 1097 135
1455 1059 1657 1096 liberavit?
1678 1059 1775 1095 sicut
1797 1057 1980 1108 scriptum
2001 1064 2076 1103 est,
2098 1058 2191 1104 Quis
2210 1065 2265 1092 est
2284 1058 2388 1093 homo

1377 1123 1443 1171 qui
1461 1126 1571 1164 vivet,
1587 1129 1623 1157 et
1643 1133 1716 1155 non
1739 1118 1885 1155 videbit
1905 1126 2057 1154 mortem
2068 1131 2084 1162 ,·
2101 1125 2204 1153 eruet
2223 1120 2389 1153 animam

1376 1193 1482 1216 suam
1505 1181 1551 1215 de
1571 1192 1685 1215 mama
1707 1175 1820 1225 Inferi
1835 1175 1850 1198 ⁶
1865 1178 1879 1213 Ξ)
1898 1180 2008 1214 Nune
2023 1189 2114 1226 ergo
2130 1176 2220 1226 quia
2237 1185 2388 1214 utrum-

1378 1254 1452 1291 que
1479 1239 1592 1277 nobis
1616 1239 1761 1290 pariter
1786 1237 2041 1275 necessarium
2063 1245 2165 1284 erat,
2187 1246 2224 1274 et
2250 1237 2311 1288 pie
2331 1238 2390 1275 vi-

1379 1315 1470 1338 vere
1485 1331 1494 1347 ,
1516 1309 1553 1337 et
1570 1313 1702 1337 secure
1723 1299 1843 1346 mori3
1861 1306 1899 1335 et
1917 1297 2083 1335 vivendo
2097 1297 2230 1334 vivere
2247 1297 2389 1344 docuit,

1381 1371 1418 1399 et
1433 1370 1596 1399 mortem
1611 1359 1813 1398 moriendo
1828 1372 1997 1396 securam
2012 1357 2199 1395 reddidit:
2212 1358 2391 1408 quoniam

1384 1423 1538 1474 quidem
1571 1430 1856 1459 resurrecturus
1882 1419 2083 1466 occubuit,
2111 1427 2150 1456 et
2171 1432 2278 1469 spem
2308 1419 2394 1456 fecit

1384 1483 1638 1522 morientibus
1665 1481 1899 1531 resurgendi.
1919 1480 1992 1518 Sed
2015 1479 2162 1517 addidit
2182 1488 2220 1516 et
2240 1480 2393 1516 tertium

1382 1544 1635 1590 beneficium,
1664 1556 1750 1579 cum
1777 1542 1889 1578 etiam
1920 1548 2077 1591 peccata
2107 1538 2282 1586 donavit,
2316 1539 2395 1576 sine

1384 1617 1460 1654 quo
1489 1604 1620 1653 utique
1654 1610 1791 1639 caetera
1827 1614 1904 1638 non
1935 1599 2129 1637 valebant.
2165 1599 2265 1649 Quid
2293 1599 2392 1636 enim

1388 1664 1598 1715 (quantum
1630 1662 1784 1713 quidem
1806 1661 1853 1698 ad
1875 1674 2003 1698 veram
2025 1673 2289 1710 summamque
2306 1659 2397 1696 bea-

1389 1725 1591 1769 titudinem
1627 1721 1793 1774 spectat)
1828 1721 2064 1773 quantalibet
2094 1721 2180 1758 vitae
2210 1721 2398 1758 rectitudo

1390 1799 1456 1823 seu
1479 1785 1678 1835 longitudo
1700 1783 1882 1835 prodesse
1901 1791 2053 1834 poterat
2068 1782 2136 1828 illi,
2150 1782 2217 1832 qui
2235 1782 2296 1818 vel
2316 1782 2398 1820 solo

311 1860 382 1886 tem
413 1859 627 1899 spreverunt
656 1864 713 1886 me
728 1849 754 1886 5.
785 1848 967 1886 Ascendit
1000 1848 1128 1897 itaque
1167 1858 1317 1882 crucem
1345 1844 1372 1881 C
1392 1847 1566 1897 originali
1596 1854 1754 1896 peccato
1785 1852 1980 1882 teneretur
2004 1843 2232 1880 adstrictus?
2259 1847 2397 1881 Pecca-

313 1912 441 1948 calvus
470 1920 620 1956 noster,
642 1910 788 1946 mundo
815 1923 887 1959 pro
913 1908 1059 1945 mundo
1086 1907 1284 1957 expositus
1313 1921 1320 1942 :

314 1981 353 2009 et
368 1972 534 2009 revelata
554 1971 646 2008 facie
663 1984 705 2007 ac
722 1970 964 2020 discooperta
982 1969 1107 2005 fronte
1127 1966 1324 2017 purgatio-

316 2046 402 2070 nem
434 2040 677 2082 peccatorum
701 2031 858 2076 faciens,
879 2028 1078 2079 probrosae
1104 2036 1141 2063 et
1165 2034 1325 2063 austerae

319 2093 451 2128 mortis
473 2099 548 2127 tam
567 2103 642 2126 non
664 2089 818 2126 erubuit
835 2087 1082 2138 ignominiam
1097 2115 1106 2132 ,
1122 2098 1234 2135 quam
1257 2097 1326 2120 nec

318 2165 470 2202 poenam
486 2150 704 2195 exhorruit,
721 2158 763 2186 ut
778 2163 846 2186 nos
863 2147 1075 2199 opprobrio
1091 2146 1327 2196 sempiterno

320 2213 507 2262 eriperet,
533 2212 749 2248 restitueret
772 2210 913 2259 gloriae.
940 2212 1016 2246 Nec
1044 2208 1197 2244 mirum.
1230 2205 1331 2254 Quid

320 2274 421 2309 enim
445 2272 687 2309 erubesceret
703 2301 711 2317 ,
731 2272 795 2321 qui
823 2272 875 2307 ita
898 2270 989 2306 lavit
1010 2282 1079 2305 nos
1103 2282 1122 2304 a
1143 2267 1307 2318 peccatis
1322 2295 1331 2312 ,

320 2348 398 2371 non
420 2334 574 2384 quidem
596 2343 637 2370 ut
655 2347 751 2383 aqua
773 2333 922 2369 diluens
943 2340 980 2368 et
995 2330 1162 2367 retinens
1179 2327 1325 2373 sordes,

324 2395 389 2431 sed
421 2395 538 2431 veluti
570 2395 658 2431 solis
694 2394 821 2430 radius
861 2392 1054 2429 desiccans
1089 2398 1125 2427 et
1161 2388 1330 2425 retinens

322 2455 552 2505 puritatem?
572 2458 638 2492 Est
657 2455 800 2504 quippe
823 2454 891 2491 Dei
910 2450 1094 2503 sapientia
1109 2450 1251 2499 ubique
1272 2457 1331 2486 at-

326 2516 472 2565 tingens
492 2525 652 2567 propter
672 2515 895 2552 munditiam
918 2527 1036 2550 suam.

697 2642 795 2680 CAP
804 2642 875 2680 UT
905 2641 939 2679 X
948 2641 979 2679 I.

724 2762 770 2790 De
788 2758 946 2800 Sepulcro.

396 2881 455 2915 18.
488 2885 592 2917 Inter
613 2890 740 2918 sancta
761 2895 803 2917 ac
823 2878 1088 2917 desiderabilia
1106 2877 1191 2913 loca
1211 2875 1340 2925 sepul-

337 2954 442 2976 erum
497 2949 599 2976 tenet
641 2941 926 2990 quodammodo
978 2938 1235 2989 principatum
1254 2965 1262 2982 ,
1305 2943 1342 2971 et

339 3000 551 3036 devotionis
571 3001 656 3049 plus
679 3002 805 3037 nescio
827 3001 919 3050 quid
940 3000 1102 3037 sentitur
1117 3027 1127 3044 ,
1148 2996 1214 3033 ubi
1236 3009 1341 3032 mor-

339 3067 425 3095 tuus
458 3060 663 3109 requievit,
693 3074 804 3108 quam
836 3060 902 3096 ubi
934 3061 1067 3096 vivens
1097 3064 1343 3095 conversatus

337 3128 414 3163 cst;
435 3127 548 3168 atque
573 3119 734 3169 amplius
764 3128 892 3156 movet
915 3120 962 3156 ad
983 3120 1162 3169 pietatem
1186 3117 1342 3162 mortis,

339 3192 450 3231 quam
470 3179 557 3216 vitae
579 3178 804 3216 recordatio.
825 3183 921 3216 Puto
938 3179 1041 3229 quod
1056 3179 1117 3215 illa
1136 3176 1339 3222 austerior,

1391 1917 1471 1944 tum
1503 1907 1648 1957 quippe
1685 1905 1901 1956 praecessit,
1935 1913 1978 1941 ut
2012 1912 2235 1954 sequeretur
2266 1917 2398 1941 mors:

1391 1968 1495 2018 quod
1522 1981 1611 2004 sane
1638 1968 1667 2004 si
1688 1967 1849 2004 cavisset
1872 1965 2014 2012 homo,
2038 1972 2201 2002 mortem
2228 1978 2307 2002 non
2329 1978 2399 2015 gu·

1392 2037 1526 2066 stasset
1546 2029 1586 2064 in
1614 2036 1812 2065 aeternum.

1451 2089 1509 2125 19.
1529 2087 1727 2125 Peccando
1743 2087 1870 2137 itaque
1887 2086 2004 2123 vitam
2027 2084 2170 2132 amisit,
2187 2093 2226 2122 et
2240 2093 2401 2122 mortem

1396 2149 1545 2186 invenit
1563 2163 1570 2185 :
1593 2148 1774 2198 quoniam
1794 2147 1949 2197 quidem
1967 2155 2006 2184 et
2020 2150 2123 2184 Deus
2142 2146 2194 2183 ita
2214 2145 2403 2197 praedixe-

1399 2218 1476 2257 rat,
1499 2218 1535 2247 et
1549 2208 1697 2259 justum
1720 2209 1893 2259 profecto
1917 2216 2019 2255 erat,
2034 2215 2077 2244 ut
2098 2207 2128 2243 si
2144 2215 2320 2257 peccaret
2334 2207 2404 2243 ho-

1400 2284 1484 2316 mo,
1509 2278 1734 2307 moreretur.
1760 2269 1862 2318 Quid
1884 2281 2048 2319 namque
2070 2266 2210 2317 justius
2230 2276 2402 2319 poterat,

1401 2345 1515 2381 quam
1549 2331 1718 2381 recipere
1746 2331 1956 2367 talionem?
1976 2330 2061 2367 Vita
2091 2328 2278 2379 siquidem
2305 2332 2406 2367 Deus

1399 2391 1534 2428 animae
1552 2399 1608 2427 est
1623 2420 1632 2437 ,
1654 2390 1736 2441 ipsa
1757 2389 1943 2441 corporis,
1958 2388 2159 2426 Peccando
2175 2387 2404 2434 voluntarie,

1399 2452 1532 2488 volens
1557 2450 1726 2502 perdidit
1752 2450 1884 2487 vivere
1906 2465 1914 2487 ε
1941 2449 2076 2486 11016115
2095 2448 2232 2499 perdat
2253 2457 2291 2486 et
2309 2449 2407 2486 vivi-

1402 2513 1525 2549 ficare.
1547 2515 1690 2563 Sponte
1711 2512 1851 2562 repulit
1875 2511 1993 2547 vitam
2014 2523 2099 2547 cum
2117 2509 2248 2547 vivere
2265 2509 2406 2557 noluit;

1403 2586 1481 2609 non
1502 2573 1625 2609 valeat
1645 2586 1726 2609 eam
1749 2571 1839 2609 dare
1857 2570 1930 2618 cui,
1946 2571 2006 2608 vel
2025 2578 2214 2620 quatenus
2232 2570 2406 2607 voluerit.

1406 2633 1536 2671 Noluit
1566 2634 1692 2669 anima
1722 2633 1801 2682 regi
1831 2646 1851 2670 a
1877 2636 1960 2670 Deo
1988 2647 1996 2669 :
2028 2644 2107 2668 non
2140 2639 2255 2681 queat
2283 2643 2410 2681 regere

1407 2707 1560 2744 eorpus.
1592 2694 1628 2731 Si
1659 2707 1737 2731 11011
1766 2702 1875 2744 paret
1903 2692 2114 2743 superiori,
2145 2691 2316 2729 inferiori
2344 2705 2410 2733 cur

1408 2755 1596 2805 imperet?
1625 2755 1776 2792 Invenit
1797 2754 1981 2792 Conditor
2009 2766 2115 2791 suam
2139 2752 2211 2790 sibi
2231 2751 2408 2790 rebellem

1409 2823 1620 2851 creaturam
1641 2830 1648 2851 z
1676 2815 1847 2851 inveniat
1867 2813 1992 2851 anima
2013 2826 2119 2851 suam
2143 2812 2214 2850 sibi
2233 2812 2411 2850 rebellem

1408 2875 1687 2925 pedissequam.
1710 2879 1982 2924 Transgressor
2010 2874 2191 2910 inventus
2216 2881 2273 2910 est
2298 2872 2412 2909 homo

1409 2936 1546 2973 divinae
1570 2936 1661 2986 legis
1683 2951 1690 2972 :
1720 2935 1891 2972 inveniat
1915 2943 1952 2971 et
1976 2934 2056 2984 ipse
2087 2933 2198 2972 aliam
2228 2933 2347 2983 legem
2373 2931 2413 2969 in

1411 2996 1592 3033 membris
1618 2997 1716 3043 suis,
1742 3004 2019 3046 repugnantem
2050 2994 2123 3044 legi
2151 2994 2290 3031 mentis
2316 3005 2412 3037 suae,

1410 3066 1448 3093 et
1483 3057 1737 3107 captivantem
1775 3069 1813 3093 se
1846 3056 1886 3092 in
1919 3056 2039 3105 legem
2069 3054 2258 3105 peccati7.
2293 3057 2413 3092 Porro

1409 3125 1606 3167 peceatum
1625 3146 1634 3162 ,
1659 3125 1703 3153 ut
1727 3116 1910 3166 scriptum
1941 3123 2019 3161 est,
2046 3122 2198 3166 separat
2224 3114 2324 3151 inter
2344 3125 2414 3150 nos

1409 3187 1447 3215 et
1475 3182 1597 3216 Deum
1616 3176 1629 3199 S
1655 3193 1662 3214 z
1684 3185 1833 3227 separet
1854 3175 2016 3227 proinde
2047 3176 2158 3212 etiam
2189 3188 2291 3212 mors
2311 3174 2411 3210 inter

386 3320 395 3334 ¹
414 3317 510 3345 Josue
531 3324 580 3343 11¹.
596 3331 639 3335 ——
656 3315 732 3344 ²1V
749 3315 824 3353 Reg.
839 3324 871 3346 v,
896 3314 948 3343 1‘».
961 3331 1001 3334 μ
1021 3311 1216 3349 ³15ai.v111,
1241 3313 1291 3341 18.
1309 3328 1350 3333 —-
1364 3311 1379 3337 4'
1400 3313 1480 3344 Psal.
1503 3324 1583 3350 ‹:xn,
1608 3315 1692 3343 i.·—
1710 3309 1856 3351 5Isai.1‚
1879 3315 1909 3343 2.
1925 3329 1966 3333 ——
1982 3308 1997 3333 5
2014 3310 2094 3342 Psal.
2114 3319 2262 3340 Lxxxvni
2276 3332 2284 3346 ‚
2303 3309 2356 3339 49.
2371 3325 2414 3329 —

338 3368 349 3396 ἕ
370 3370 450 3398 Rom
482 3379 548 3405 vn,
574 3370 625 3397 23.
642 3386 687 3389 *-
703 3364 715 3387 8
734 3366 805 3396 hai.
827 3377 898 3403 mx,
923 3369 950 3396 2.

1486 3370 1500 3384 ‘³
1518 3367 1621 3403 Alias,
1640 3365 1710 3397 sihi.
