2565 3952
22 1562 46 1599 ὃ

62 3351 65 3367 l

301 491 678 550 EPISTOLA
724 489 923 550 CLII.a

111 653 157 677 AD
186 651 363 675 DOMINUM
394 652 515 674 PAPAM
537 650 825 684 INNOCENTIUM,
854 650 926 673 PRO
949 650 1129 674 TRECENSI

517 711 712 735 EPISCOPO.

109 828 308 862 Insolentiam
324 829 510 861 clericorum
526 829 640 860 nutriri
654 829 776 871 ignavia
790 830 1012 872 cpiscoporum
1028 842 1034 863 :
1055 835 1130 863 Tre-

223 895 348 917 censem
367 896 442 917 vero
463 885 504 916 ob
528 885 658 916 clericos
682 891 845 928 correptos
874 886 1007 927 gravari.

158 1008 366 1046 Insolentia
386 1009 614 1047 clericorum
627 1039 637 1055 ,
657 1007 767 1058 cujus
784 1017 907 1045 mater
927 1017 984 1045 cst
1004 1010 1128 1059 negli-

106 1069 233 1121 gentia
249 1070 542 1122 episcoporum,
565 1069 712 1121 ubique
731 1079 920 1107 terrarum
943 1069 1072 1107 turbat
1092 1079 1130 1107 et
1148 1077 1176 1111 Β

106 1130 283 1167 molestat
302 1132 523 1168 Ecclesiam.
545 1135 648 1169 Dant
668 1131 839 1181 episcopi
864 1139 1038 1167 sanctum
1063 1145 1127 1168 ca-

105 1188 236 1236 nibus,
264 1199 302 1227 et
329 1191 575 1241 margaritam
607 1191 738 1242 porcis
765 1206 772 1227 :
796 1199 834 1227 et
866 1191 919 1227 illi
950 1186 1127 1228 conversi

101 1251 331 1288 conculcant
357 1266 434 1290 eos.
464 1253 604 1290 Merito
630 1253 762 1302 quales
795 1253 944 1299 fovent,
970 1253 1060 1289 tales
1090 1261 1128 1289 et

102 1311 302 1349 sustinent.
325 1315 430 1360 Quos
448 1312 571 1349 ditant
590 1313 768 1349 Ecclesiae
784 1311 918 1358 bonis,
939 1326 1017 1349 non
1039 1328 1124 1350 cor-

103 1371 230 1422 rigunt
249 1385 385 1409 eorum
410 1373 530 1418 mala,
556 1373 756 1422 malosque
782 1372 929 1421 gravati
951 1382 1121 1423 portant.

103 1432 246 1471 Alienis
260 1433 442 1470 nimirum
460 1432 660 1470 laboribus
673 1433 963 1483 locupletantur
979 1433 1120 1480 clerici,

103 1492 312 1531 comedunt
343 1494 510 1531 fructum
543 1503 655 1531 terrae
688 1493 833 1543 absque
862 1494 1055 1544 pecunia:
1086 1503 1124 1532 et

104 1555 234 1606 prodit
261 1556 370 1606 quasi
402 1569 450 1593 ex
483 1555 596 1606 adipe
624 1555 806 1605 iniquitas
835 1568 984 1592 eorum.
1017 1560 1123 1604 Quos

83 1615 260 1667 ,proprie
279 1616 474 1667 hodieque
494 1616 650 1667 respicit
670 1624 781 1653 vetus
806 1616 872 1653 illa
901 1617 1090 1667 scriptura
1113 1633 1120 1654 :

78 1672 212 1714 'Sedit
231 1680 396 1727 populus
416 1679 649 1714 manducare
669 1687 706 1713 et
725 1676 867 1723 bibere,
890 1687 927 1713 et
943 1691 1122 1714 surrexe-

104 1745 190 1773 runt
207 1739 334 1774 ludere
350 1744 375 1774 ¹.
395 1741 506 1775 Mens
525 1737 671 1788 quippe
691 1746 841 1774 assueta
862 1737 1026 1783 deliciis,
1052 1751 1122 1775 nec

104 1798 253 1836 exculta
287 1798 500 1850 disciplinae
544 1799 715 1846 sarculo,
749 1799 890 1836 multas
928 1799 1122 1836 contrahit

1035 211 1296 247 EplsTOLAE.

1145 287 1193 305 ¹:53

1387 502 1765 561 EPISTOLA
1825 508 2049 566 CLIII.c

1288 660 1336 681 AD
1366 660 1598 684 BERNARDL‘M
1631 663 1679 684 DE
1709 664 1842 688 FORTIS
1858 652 1888 699 ᾖ,
1921 669 1969 690 DF.
1999 670 2141 695 ORDINE

1585 723 1844 749 CARTL‘SIENSI.

1197 835 1317 866 Petenti
1343 837 1579 878 Expositionem
1611 838 1642 869 in
1668 841 1799 872 Cantica
1828 844 2023 883 Salomonis,
2053 850 2219 889 praetendit

1245 889 1427 921 tenuitatem
1450 902 1555 929 suam,
1585 899 1671 925 tauto
1698 895 1815 927 scilicet
1837 898 1945 940 operi.
1963 907 1993 931 et
2013 901 2147 934 aliorum
2170 915 2220 935 ex—

1244 946 1429 988 spectationi
1456 948 1621 991 imparem.

1257 1069 1287 1104 l.
1320 1070 1421 1106 Petis
1443 1070 1645 1118 instanter,
1669 1081 1705 1109 ct
1727 1086 1796 1123 ego
1820 1085 2041 1115 constanter
2061 1079 2191 1118 abnuo
2208 1113 2216 1129 ,

1196 1130 1262 1166 sed
1283 1144 1444 1180 parcens
1467 1133 1580 1180 mihi,
1602 1148 1680 1170 non
1716 1144 1751 1171 te
1784 1150 1981 1186 spernens.
2013 1144 2044 1178 Ο
2074 1143 2216 1181 utinam

1196 1199 1262 1227 tuo
1280 1192 1408 1229 studio
1427 1193 1661 1244 ingenioque
1679 1196 1836 1246 dignum
1855 1200 2001 1250 aliquid
2018 1203 2217 1244 elaborare

1194 1256 1366 1301 possem!
1398 1257 1546 1290 Lumen
1569 1257 1772 1293 oculorum
1801 1272 1995 1308 meorum,
2029 1272 2066 1300 et
2097 1265 2216 1315 ipsam

1194 1326 1350 1363 quoque
1380 1315 1566 1362 animam,
1589 1317 1619 1353 si
1650 1318 1731 1354 lieri
1758 1329 1908 1368 posset,
1931 1324 2096 1372 partirer
2125 1327 2215 1375 tibi,

1193 1374 1312 1411 amice
1334 1375 1576 1423 charissime,
1599 1386 1636 1413 et
1656 1379 1695 1414 in
1727 1379 1865 1417 Christi
1893 1383 2104 1423 visceribus
2127 1389 2218 1426 mihi

1190 1435 1434 1485 potissimum
1480 1437 1517 1473 in
1559 1440 1664 1475 omni
1711 1441 1957 1489 plenitudine
2002 1445 2217 1488 dilectionis

1191 1495 1471 1544 spiritualiterd
1502 1498 1768 1548 amplectende
1792 1502 1919 1540 frater.
1942 1508 2128 1546 Caeterum
2153 1510 2217 1548 ubi

1190 1555 1405 1606 ingenium,
1425 1566 1490 1595 aut
1511 1560 1668 1609 qnando
1695 1562 1815 1599 otium
1840 1565 1932 1602 mihi
1958 1568 2152 1608 sufficiens
2169 1573 2214 1609 ad

1190 1617 1229 1654 id
1255 1619 1360 1668 quod
1389 1620 1512 1670 petis?
1540 1624 1671 1671 Neque
1689 1624 1791 1660 enim
1820 1626 1903 1663 leve
1922 1629 2015 1677 quid
2033 1640 2098 1668 aut
2116 1633 2211 1680 vile,

1190 1688 1228 1716 et
1244 1680 1349 1730 quod
1368 1694 1438 1718 nos
1465 1695 1689 1732 possumus,
1712 1688 1908 1735 postulare
1929 1690 2080 1728 videris.
2103 1694 2213 1731 Mini-

1190 1753 1251 1777 me
1269 1742 1414 1792 quippe
1431 1756 1503 1793 pro
1521 1743 1688 1782 minimis
1705 1745 1756 1782 sic
1774 1746 1945 1786 instares.
1966 1753 2058 1787 Nan]
2076 1754 2217 1791 volun-

1191 1810 1306 1839 tatem
1330 1812 1434 1840 tuam
1457 1813 1494 1841 et
1510 1819 1641 1842 curam
1668 1807 1706 1843 in
1732 1807 1806 1845 hoc
1826 1811 1914 1847 satis
1936 1813 2109 1862 produnt
2130 1829 2215 1852 cre-

104 1859 246 1897 sordes.
267 1864 390 1898 Porro
411 1860 663 1898 inveteratam
694 1859 909 1911 rubiginem
939 1861 970 1897 si
1000 1869 1124 1898 tentes
1145 1863 1172 1900 C
1192 1862 1273 1900 brae
1293 1864 1465 1914 epistolae
1488 1874 1580 1913 tuae,
1602 1875 1640 1903 ct
1669 1868 1936 1908 vehementior
1965 1873 2122 1922 spiritus
2154 1889 2216 1913 eas

104 1918 305 1968 abradere,
337 1919 419 1958 nec'
437 1921 597 1959 summis
629 1922 762 1959 saltem
796 1921 922 1972 digitis
952 1923 1122 1973 contingi

104 1982 314 2032 patientur3
333 1982 419 2030 sed,
449 1983 546 2020 sicut
566 1983 752 2034 scriptum
774 1991 852 2029 est,
886 1986 1124 2020 Incrassatus

105 2053 158 2081 est
175 2046 349 2092 dilectus,
374 2054 412 2082 et
429 2047 679 2082 recalcitravit
692 2052 717 2082 ².
740 2050 1041 2083 Insurrexerunt
1064 2055 1123 2084 te-

104 2112 177 2142 stes
195 2105 335 2156 iniqui,
351 2106 528 2143 homines
546 2120 643 2156 quos
658 2106 822 2143 delectat
834 2107 951 2143 vitam
972 2121 1125 2158 semper

79 2159 87 2163 .
104 2166 261 2204 alienam
282 2167 439 2214 rodere,
460 2168 652 2218 negligere
669 2181 790 2205 suam.
810 2169 1007 2219 Supplicat
1026 2183 1124 2220 puer

103 2237 227 2266 vester
255 2243 329 2280 pro
361 2243 427 2276 eo,
449 2228 560 2279 cujus
588 2230 628 2266 in
660 2230 730 2267 hac
751 2230 962 2272 discordia,
985 2231 1015 2267 si
1043 2244 1122 2267 non

105 2289 225 2336 fallor,
249 2299 328 2328 tota
349 2292 463 2342 culpa
495 2300 552 2328 est
581 2291 686 2341 quod
721 2292 852 2342 culpas
885 2292 1122 2342 redarguerit

104 2350 341 2390 clericorum.
365 2356 457 2390 Haec
473 2366 547 2403 pro
569 2350 794 2403 episcopob.
817 2356 860 2390 In
884 2352 1032 2402 reliquo
1050 2367 1121 2404 pro

104 2423 164 2448 me
184 2413 384 2450 satisfacio.
411 2413 560 2463 Scripta
587 2413 830 2463 Dignationis
856 2421 1011 2459 vestrae,
1035 2413 1123 2462 qui-

104 2469 174 2509 hus
202 2486 262 2510 me
289 2474 422 2511 venire
445 2473 493 2510 ad
525 2487 614 2521 vos,
649 2487 736 2510 cum
765 2472 902 2523 jubere
932 2474 1118 2524 possetis,

105 2546 234 2583 rogare
253 2534 540 2585 dignantissime
560 2535 764 2582 maluistis,
786 2535 891 2572 norit
910 2536 1121 2573 Paternitas

104 2603 226 2633 vestra
259 2596 307 2633 ad
342 2610 402 2633 me
434 2605 523 2634 ante
555 2597 801 2634 'Nativitatem
834 2596 956 2634 beatae
989 2597 1120 2634 Mariae

1192 1925 1376 1962 animans.
1400 1926 1588 1963 Nimirum
1612 1928 1777 1978 proinde
1797 1940 1942 1980 quanto
1963 1933 2001 1969 id
2029 1935 2218 1974 curiosius

1190 1986 1290 2022 velle
1310 1995 1344 2023 te
1369 1987 1513 2034 sentin,
1536 1996 1663 2035 tanto,
1688 1990 1801 2027 crede
1821 1992 1933 2040 mihi,
1953 1997 2216 2046 scrupulosius

1192 2047 1407 2097 acquiesco.
1433 2051 1509 2086 Cur
1525 2048 1598 2086 hoc
1613 2051 1628 2086 Ξ)
1644 2053 1698 2088 Ne
1717 2065 1854 2102 magna
1880 2055 2060 2093 videlicet
2077 2070 2216 2110 exspe—

1192 2109 1331 2156 ctanti,
1363 2109 1569 2146 ridiculum
1600 2112 1814 2162 producam
1843 2128 2005 2155 murem.
2036 2122 2120 2156 Hoc
2150 2134 2216 2158 ve-

1190 2184 1293 2215 reor,
1314 2179 1350 2207 et
1377 2171 1457 2208 haec
1486 2186 1599 2209 causa
1632 2175 1888 2214 cunctationis
1918 2192 2023 2217 meae.
2055 2184 2101 2219 Et
2123 2183 2214 2232 quid

1191 2233 1331 2269 mirum
1349 2233 1379 2270 si
1395 2247 1535 2270 vereor
1556 2235 1666 2281 dare,
1689 2237 1793 2286 quod
1813 2238 1927 2276 edere
1944 2244 2216 2281 verecundor?

1189 2294 1356 2341 Invitus,
1389 2294 1523 2342 fateor,
1557 2295 1733 2346 przebeo,
1769 2299 1874 2348 quod
1906 2314 1966 2339 me
1999 2304 2212 2342 existimem

1190 2368 1268 2391 non
1289 2363 1363 2391 tam
1382 2355 1495 2391 edere
1513 2357 1624 2406 profu
1633 2365 1759 2394 turum
1772 2389 1781 2405 ,
1803 2374 1916 2409 qnam
1936 2363 2102 2412 prodere
2119 2380 2216 2404 con-

1191 2415 1454 2453 temnendum.
1478 2417 1571 2465 Quis
1588 2431 1679 2454 sane
1701 2419 1792 2456 dare
1810 2422 1920 2468 velit,
1940 2425 2045 2473 quod
2065 2426 2214 2465 dedisse

1189 2475 1393 2522 dedeceat,
1424 2477 1615 2527 accepisse
1657 2492 1735 2515 non
1769 2482 1920 2530 prosit?
1953 2485 2095 2524 Libens
2135 2488 2210 2536 do,

1187 2535 1331 2573 invitus
1353 2536 1488 2586 perdo.
1522 2537 1670 2575 Scimus
1698 2541 1880 2589 qnoniam
1907 2547 2077 2593 speranti
2098 2561 2214 2597 gran-

1188 2597 1267 2643 dia,
1301 2597 1454 2634 modica
1481 2598 1607 2635 minus
1635 2608 1741 2649 grata
1772 2603 1905 2639 venire
1938 2606 2076 2644 solent.
2098 2609 2212 2657 Quod

105 2655 257 2694 minime
270 2658 504 2708 pervenisse.
521 2662 654 2708 Itaque
670 2672 747 2695 non
767 2658 872 2705 dico,
887 2661 987 2707 Iuga
1010 2658 1115 2695 baum
1134 2662 1168 2696 D
1185 2667 1311 2695 autem
1343 2672 1421 2695 non
1455 2659 1561 2696 venit
1593 2669 1766 2709 gratum,
1795 2664 1990 2713 perditum
2022 2676 2096 2715 est,
2131 2683 2210 2707 non

104 2722 177 2754 emi
201 2723 393 2768 quinque3
414 2728 506 2766 aut,
542 2721 683 2756 Villam
706 2725 782 2756 emi
801 2735 814 2764 ;
835 2728 922 2765 aut,
954 2722 1118 2757 Uxorem

103 2776 223 2815 dux-1⁷3
249 2795 257 2817 :
285 2779 350 2817 sed
371 2780 486 2830 plane
509 2780 631 2832 (quod
654 2789 691 2817 et
719 2794 790 2818 vos
811 2794 889 2817 non
918 2781 1118 2832 ignoratis)

104 2841 279 2889 parvulos
299 2841 441 2878 lactare
471 2855 533 2878 me
560 2842 708 2888 fate0r3
743 2851 780 2878 et
799 2841 887 2878 ideo
917 2842 1117 2891 quomodo

104 2898 183 2937 sine
219 2902 321 2951 gravi
356 2901 538 2939 scandalo
570 2916 614 2939 ac
646 2903 819 2954 periculo
840 2903 1013 2953 ipsorum
1043 2916 1112 2940 ve·

105 2960 185 2997 nire
213 2962 356 3012 possim
373 2991 382 3009 ‚
407 2976 488 3000 non
507 2962 633 2999 video.

1188 2720 1333 2757 datum.

1242 2782 1277 2819 2.
1310 2780 1393 2819 Tibi
1415 2782 1531 2818 studii
1553 2790 1627 2829 est,
1660 2792 1794 2834 utpote
1813 2786 1937 2823 otioso
1966 2797 2003 2825 et
2030 2791 2208 2839 vacanti,

1187 2842 1460 2893 undecumque
1482 2843 1709 2893 perquirere
1738 2845 1928 2884 incentiva
1948 2849 2025 2898 igni
2046 2864 2124 2901 quo
2145 2866 2209 2890 ar—

1186 2903 1272 2950 des,
1305 2913 1348 2940 ut
1376 2904 1510 2941 ardeas
1540 2904 1677 2954 magis,
1715 2915 1752 2942 et
1781 2907 1940 2958 impleas
1970 2911 2207 2950 voluntatem

1181 2966 1339 3002 Domini
1365 2966 1419 3002 tui
1441 2965 1602 3003 dicentis
1625 2981 1631 3002 ε
1655 2970 1707 3002 Et
1733 2971 1831 3016 quid
1856 2973 1942 3006 volo
1970 2977 2046 3009 nisi
2076 2983 2116 3010 ιιι
2144 2989 2208 3010 ar-

1183 3028 1324 3063 deacss?
1346 3027 1503 3074 Laudo;
1521 3028 1586 3064 sed
1606 3028 1635 3065 si
1653 3028 1732 3065 illic
1748 3044 1790 3066 ea
1809 3044 1976 3080 quaeras,
1997 3032 2062 3070 ubi
2077 3043 2112 3071 te
2128 3035 2207 3072 fru-

1184 3097 1344 3125 stratum
1382 3090 1632 3139 postmodum
1675 3104 1754 3127 non
1793 3094 1976 3142 queraris.
2020 3098 2131 3131 Erras
2175 3095 2205 3131 si

1184 3149 1287 3199 apud
1309 3162 1378 3186 nos
1396 3150 1547 3200 quaeris.
1566 3154 1647 3201 Ego
1665 3152 1792 3201 potius
1816 3153 1881 3190 illa
1902 3153 1970 3190 abs
1994 3162 2029 3191 te
2055 3154 2200 3191 mendi-

154 3292 163 3307 ¹
187 3288 285 3320 Exod.
311 3300 428 3327 xxxu,
453 3294 486 3320 6.
504 3308 550 3312 -
569 3296 582 3311 ²
599 3292 694 3321 Dent.
714 3302 833 3328 xxxm,
857 3294 910 3321 15,
930 3309 974 3313 ——
995 3288 1008 3311 3
1028 3295 1103 3322 Luc.
1124 3302 1177 3322 xxv
1193 3316 1200 3328 ,
1238 3294 1349 3322 18-20.
1367 3310 1407 3314 —
1432 3290 1445 3318 4
1482 3292 1530 3323 Id.
1556 3304 1624 3329 xxx,
1646 3295 1699 3324 49.

149 3349 162 3363 ³
181 3348 300 3390 Scripta
315 3349 396 3380 circa
411 3360 529 3381 anuum
547 3354 557 3381 l
573 3352 646 3381 135.
662 3368 707 3372 —
726 3343 743 3365 ὴ
755 3349 912 3382 Nimirum
929 3351 1096 3389 Trecensi,
1117 3350 1243 3382 nomine
1257 3354 1385 3383 Attone.

150 3404 165 3420 ²
178 3401 298 3444 Scripta
313 3413 396 3434 anno
416 3402 530 3436 Christi
549 3406 648 3435 1135.
668 3422 710 3426 -—
731 3403 745 3424 ‘¹
763 3404 868 3442 Alias,
883 3402 1074 3448 specialiter.
