2533 3920
368 226 408 261 15
1105 219 1361 254 PRAEFAUO
1391 219 1682 256 GENERALIS.
2389 218 2433 253 16

360 318 482 373 quasi
503 327 723 358 commune
756 311 969 367 quoddam
999 311 1053 352 sit
1082 309 1422 352 fundamentum.
1452 311 1519 352 Ad
1545 311 1632 352 haec
1660 310 1838 363 singulis
1864 310 1949 350 fere
1975 309 2214 362 opusculis,
2245 310 2290 350 in
2317 313 2434 350 tomo

360 393 543 438 secundo
559 392 787 443 contentiS,
806 389 1124 431 Admonitiones
1141 388 1449 442 praeposuimus
1465 387 1519 429 ad
1543 392 1840 442 argumentum
1863 386 2068 440 cujusque
2090 385 2192 426 libri
2214 386 2431 440 explican-

360 471 485 524 dum,
513 471 697 524 aliasque
721 466 1053 509 circumstantias
1073 465 1126 507 ad
1151 464 1196 506 id
1218 465 1489 519 pertinentes.
1517 467 1615 508 Haec
1640 466 1726 507 fere
1752 469 1873 517 sunt,
1901 476 1996 518 quae
2020 464 2254 504 universim
2282 464 2329 505 in
2355 464 2439 505 hac-

359 549 584 590 novissima
602 544 801 587 Bernardi
820 543 1002 585 editione
1021 543 1308 597 praestitimus.

420 626 510 667 XV.
534 625 692 665 Verum
719 627 768 663 ut
797 621 850 663 ad
871 633 1047 662 examen
1075 622 1179 662 tomi
1202 620 1351 675 primi,
1372 621 1449 675 qui
1478 619 1759 661 Bernardinas
1782 618 1990 673 Epistolas
2020 617 2330 672 complectitur,
2353 617 2431 660 de-

359 701 627 753 scendamus,
657 712 742 741 non
763 699 1016 740 mediocrem
1036 711 1208 753 operam
1225 698 1365 740 denuo
1388 698 1660 739 adhibuimus
1686 698 1731 738 in
1752 698 1804 738 iis
1826 695 2098 738 emendandis
2111 728 2122 749 ,
2144 695 2405 738 illustrandis
2419 728 2430 749 ‚

359 779 628 831 ordinandis,
652 783 692 820 et
722 777 940 832 augendis.
963 778 1030 819 Ad
1049 777 1383 820 emendationem
1411 776 1528 831 quod
1553 777 1722 828 attinet,
1744 777 1883 817 varios
1913 775 2130 816 variarum
2150 774 2431 817 bibliotheca-

357 869 452 898 rum
481 855 642 897 codices
673 855 982 906 consuluimus,
1011 856 1248 908 Vaticanos,
1271 854 1560 907 Colbertinos,
1593 854 1782 907 Belgicos
1813 854 2091 895 Sancti-Petri
2120 853 2234 907 apud
2264 853 2432 895 Ganda-

358 946 473 986 vum,
494 938 535 975 et
556 933 887 985 Aureae-Vallis,
913 937 1064 987 praeter
1086 946 1179 985 eos,
1206 934 1363 988 quibus
1387 934 1431 974 in
1453 933 1587 986 priori
1610 932 1793 973 editione
1812 933 1879 973 usi
1901 932 2075 973 fuimus.
2095 933 2158 972 Ex
2181 944 2267 973 uno
2289 931 2431 973 codice

358 1010 598 1053 Corbeiensi
632 1010 838 1065 quasdam
868 1011 1074 1066 aliquanti
1101 1013 1303 1054 momenti
1340 1011 1633 1065 inscriptiones
1663 1012 1949 1063 restituimus,
1975 1012 2176 1065 variaque
2211 1010 2303 1052 loca
2338 1016 2431 1053 tum

355 1101 405 1130 cx
441 1088 589 1131 eodem
623 1087 788 1140 codice,
823 1093 915 1129 tum
950 1101 1000 1129 ex
1024 1088 1191 1129 duobus
1215 1088 1468 1130 Colbertinis
1489 1090 1610 1131 bonae
1629 1095 1760 1142 notae,
1790 1102 1975 1144 quorum
2004 1102 2116 1130 unus
2147 1090 2338 1143 signatus
2369 1094 2431 1131 est

352 1178 394 1206 n.
425 1168 555 1218 1410;
577 1165 681 1207 alter
712 1178 755 1206 n.
781 1167 918 1217 2476,
939 1161 1144 1207 Bernardi
1172 1167 1297 1207 etiam
1326 1168 1529 1221 opuscula
1547 1169 1790 1220 continens,
1811 1180 1909 1209 cum
1937 1180 2024 1222 quo
2053 1167 2200 1209 eadem
2225 1167 2429 1222 opuscula

351 1243 620 1285 contulimus.
643 1243 711 1285 Ad
731 1243 819 1285 haec
846 1248 954 1285 notae
984 1244 1235 1298 marginales
1268 1246 1445 1299 singulis
1481 1246 1567 1288 fere
1599 1246 1786 1301 epistolis
1809 1247 2010 1300 appositoe
2033 1250 2133 1287 sunt
2154 1245 2209 1287 ad
2230 1246 2429 1287 historica

350 1322 531 1362 maxime
560 1321 667 1362 facta
690 1321 834 1375 paucis
860 1320 1120 1374 explicanda.

408 1400 520 1440 XVI.
545 1399 606 1440 Dc
627 1398 774 1440 ordine
801 1398 1074 1452 epistolarum
1093 1399 1168 1440 diu
1190 1412 1342 1453 anceps
1365 1401 1448 1442 fuit
1471 1403 1668 1455 cogitatio
1681 1433 1692 1454 ,
1713 1414 1766 1443 an
1784 1400 1978 1443 ordinem
1994 1406 2211 1456 receptum
2231 1413 2423 1442 servare-

347 1488 442 1518 mus
454 1509 465 1529 ,
483 1490 535 1518 an
553 1478 693 1531 potius
709 1489 868 1518 novum
884 1476 1212 1518 institueremus.
1232 1478 1367 1519 Variae
1384 1480 1427 1520 in
1445 1485 1667 1534 utramque
1684 1484 1846 1534 partem
1865 1481 2047 1521 rationes
2067 1491 2156 1520 sese
2172 1478 2423 1520 offerebant.

346 1552 413 1595 Ad
435 1554 689 1595 servandum
715 1555 938 1608 antiquum
959 1554 1151 1595 ordinem
1180 1556 1374 1596 movebat
1399 1557 1536 1610 primo
1567 1558 1797 1611 antiquitas
1816 1556 1930 1598 illius
1958 1555 2143 1608 ordinis,
2174 1568 2304 1610 quem
2331 1556 2425 1609 ipso

344 1631 558 1672 Bernardo
582 1631 719 1673 adhuc
744 1632 912 1673 vivente
936 1633 1180 1674 institutum
1204 1633 1332 1674 fuisse
1351 1639 1536 1687 constat,
1565 1635 1768 1675 nimirum
1792 1647 1871 1689 pro
1890 1635 2089 1676 trecentis
2108 1634 2193 1675 illis
2213 1646 2260 1675 ac
2279 1633 2424 1674 decem

345 1708 532 1762 epistolis
546 1740 556 1760 ,
575 1721 757 1762 quarum
774 1708 923 1750 ultima
946 1714 1007 1750 est
1028 1722 1073 1750 ea
1087 1742 1097 1761 ,
1124 1723 1218 1764 quae
1239 1710 1292 1751 ad
1309 1711 1546 1752 Arnoldum
1563 1713 1840 1754 Bonae-Vallis
1859 1712 2054 1754 abbatem
2073 1726 2096 1754 a
2115 1711 2332 1754 Bernardo
2351 1724 2423 1753 ex-

344 1793 477 1827 trema
500 1787 655 1840 scripta
675 1787 768 1828 fuit.
790 1789 894 1828 ‘Nam
913 1793 1088 1840 caeterae,
1116 1790 1294 1842 sparsim
1311 1789 1411 1829 hinc
1430 1789 1527 1830 inde
1546 1790 1764 1844 dispersae,
1780 1804 1803 1832 a
1823 1793 2002 1845 posteris
2027 1790 2180 1832 deinde
2199 1791 2245 1831 in
2266 1802 2422 1845 corpus

343 1863 625 1917 Epistolarum
645 1865 688 1904 in
705 1863 828 1906 editis
846 1864 967 1906 libris
987 1865 1162 1907 redactae
1181 1872 1301 1919 sunt,
1324 1879 1409 1908 non
1432 1868 1581 1920 semel,
1601 1869 1674 1909 sed
1693 1881 1770 1923 per
1788 1871 1905 1910 varia
1923 1869 2166 1922 intervaHa‚
2185 1873 2314 1924 prout
2333 1881 2421 1910 sese

342 1941 410 1981 vel
426 1941 720 1983 collectoribus
732 1974 742 1994 ,
762 1943 829 1984 vel
843 1943 1075 1986 editoribus
1092 1944 1352 1987 obtulerunt.
1371 1946 1533 1987 Deinde
1549 1948 1724 2000 antiquo
1742 1947 1882 1988 ordini
1899 1948 2065 1989 favebat
2078 1947 2280 2002 temporis
2296 1946 2418 1995 ratio,

343 2019 388 2060 in
418 2020 549 2060 veteri
570 2020 641 2060 illa
661 2021 942 2073 Epistola1·um
969 2023 1211 2064 collectione
1233 2029 1464 2078 utcumque
1485 2030 1647 2066 servata
1671 2040 1679 2066 :
1703 2038 1799 2067 cum
1819 2026 1920 2067 alias
1941 2025 2178 2068 timendum
2204 2029 2336 2076 esset,
2364 2037 2418 2065 ne

340 2095 437 2149 plus
460 2097 714 2138 incommodi
736 2110 786 2139 ex
814 2098 927 2140 illius
954 2101 1110 2154 recepti
1135 2101 1297 2141 ordinis
1318 2102 1571 2154 mutatione,
1603 2115 1732 2156 quam
1759 2103 1953 2144 utilitatis
1982 2107 2337 2157 consequeretur,
2360 2102 2417 2144 ob

339 2179 526 2228 receptas
556 2176 759 2217 nimirum
792 2177 1065 2230 epistolarum
1094 2180 1334 2231 citationes,
1368 2191 1420 2220 ne
1451 2179 1557 2233 quid
1584 2179 1723 2220 dicam
1751 2179 1805 2221 de
1836 2180 2013 2221 solemni
2043 2179 2193 2221 ordine
2223 2183 2416 2220 veterum

338 2251 656 2305 exemplarium.
691 2254 740 2294 In
765 2255 1025 2296 contrarium
1052 2256 1268 2309 pugnabat
1298 2257 1571 2310 epistolarum
1589 2258 1870 2313 quarumdam
1900 2258 2093 2300 confusio
2110 2256 2414 2310 intolerabilis,

338 2327 413 2370 ubi
432 2329 580 2371 ordine
604 2335 862 2384 praepostero
884 2331 1112 2386 aliquando
1140 2335 1357 2388 responsio
1380 2335 1435 2377 ad
1459 2336 1666 2390 quasdam
1694 2336 1854 2377 litteras
1876 2336 2006 2389 faeta,
2034 2336 2162 2389 longo
2188 2334 2414 2377 intervallo

337 2418 405 2447 cas
434 2407 708 2461 praecedebat.
738 2409 973 2451 Accedebat
1000 2409 1115 2452 aliud
1144 2424 1195 2453 ex
1212 2425 1261 2453 eo
1281 2425 1543 2466 consequens
1570 2411 1908 2463 incommodum,
1939 2412 2057 2466 quod
2073 2411 2262 2466 ejusdem
2279 2424 2410 2465 argu-

336 2485 466 2525 menti
486 2486 678 2526 tractatio
695 2486 939 2540 perturbate
956 2488 1084 2529 relata
1099 2520 1110 2534 ,
1131 2502 1153 2530 a
1174 2502 1217 2530 se
1238 2490 1329 2543 ipsa
1345 2489 1510 2531 divulsa
1530 2494 1570 2530 et
1591 2489 1790 2531 distracta
1808 2495 1910 2531 erat.
1937 2492 1987 2530 In
2006 2489 2074 2531 his
2091 2490 2298 2543 angustiis
2317 2501 2409 2531 me-

334 2560 447 2602 diam
470 2562 576 2603 inire
594 2563 707 2604 viam
727 2565 858 2605 satius
878 2566 1015 2606 visum
1039 2570 1123 2617 est,
1147 2566 1368 2619 vulgatum
1391 2566 1549 2607 scilicet
1567 2565 1759 2607 ordinem
1777 2566 1998 2608 retinendo
2022 2568 2066 2608 in
2085 2566 2302 2620 prioribus
2318 2571 2410 2608 trc-

332 2640 462 2679 ccntis
480 2652 525 2680 ac
544 2639 687 2680 decem
703 2641 890 2694 epistolis
910 2657 918 2682 :
938 2643 981 2683 in
1002 2642 1093 2684 aliis
1111 2656 1210 2684 vcro
1228 2656 1323 2697 quae
1343 2643 1522 2684 subinde
1536 2642 1704 2696 adjectae
1719 2649 1832 2696 sunt,
1851 2657 1919 2684 eas
1938 2644 1991 2685 ad
2007 2646 2190 2686 rationes
2207 2646 2409 2699 temporis

331 2713 591 2767 revocandO,
612 2718 804 2769 apposito
823 2717 877 2758 ad
895 2720 1127 2771 marginem
1157 2720 1305 2761 ordine
1322 2751 1333 2769 ,
1363 2732 1490 2773 quem
1518 2733 1783 2775 unaquaeque
1812 2722 1987 2775 epistola
2015 2727 2136 2763 antea
2173 2722 2405 2764 obtinebat.

334 2789 416 2832 Ubi
437 2803 536 2832 vero
556 2792 749 2846 quaedam
771 2806 823 2835 cx
843 2807 954 2836 novo
974 2795 1054 2837 hoc
1074 2797 1221 2838 ordine
1239 2798 1425 2851 epistolae
1449 2798 1781 2852 praecedentibus
1798 2800 2006 2841 cohaercre
2026 2800 2283 2854 debuerant,
2305 2802 2402 2844 illa-

332 2880 428 2908 rum
452 2868 670 2910 lectionem
690 2872 1024 2924 praemittendam
1044 2879 1117 2915 aut
1136 2874 1472 2929 subjungendam
1490 2889 1577 2917 csse
1593 2878 1849 2919 monuimus.
1870 2879 1934 2919 Sic
1953 2879 2130 2933 antiquo
2146 2879 2288 2921 ordini
2309 2892 2400 2922 ser-

331 2949 453 2986 vatus
472 2950 534 2986 est
553 2945 685 2987 honos
701 2979 712 2998 ,
736 2953 775 2989 ct
800 2961 821 2988 e
842 2961 952 2990 novo
976 2950 1139 2992 sublata
1156 2952 1363 2994 confusio.
1391 2953 1469 2994 Sed
1488 2966 1539 2995 ne
1558 2959 1740 2996 veterem
1763 2955 1883 2997 illum
1905 2956 2099 2998 ordinem
2117 2957 2286 2998 vivente
2306 2957 2401 3011 ipso

329 3021 544 3063 Bernardo
562 3025 856 3065 concinnatum
874 3027 1003 3079 gratis
1020 3027 1175 3069 dixisse
1194 3030 1426 3083 videamur,
1446 3036 1593 3073 testem
1611 3034 1870 3087 appellamus
1888 3035 2181 3088 Guillelmum,
2203 3038 2241 3078 S.
2263 3036 2396 3078 Theo-

329 3098 456 3139 derici
483 3099 698 3154 quondam
732 3102 948 3156 abbatem,
984 3106 1058 3159 qui
1093 3110 1188 3147 autc
1215 3109 1477 3150 Bernardum
1511 3112 1650 3153 vivere
1672 3111 1809 3154 desiit.
1834 3114 1874 3154 Is
1902 3114 2015 3154 enim
2046 3114 2091 3155 in
2117 3113 2230 3156 libro
2259 3115 2398 3169 primo

326 3175 378 3218 de
395 3177 490 3217 Vita
509 3179 640 3219 sancti
660 3180 853 3220 Doctoris
870 3212 879 3232 ,
900 3182 990 3235 ipso
1008 3186 1230 3236 superstite
1249 3188 1406 3241 scripto
1419 3220 1429 3240 ,
1450 3188 1577 3230 tradit
1598 3203 1640 3230 n.
1668 3193 1722 3231 50
1742 3191 1946 3233 Bernardi
1968 3192 2022 3234 ad
2040 3191 2274 3234 Robertum
2289 3205 2394 3234 con-

324 3254 598 3307 sanguineum
617 3268 740 3297 suum
757 3258 995 3311 epistolam,
1017 3272 1111 3313 quse
1130 3262 1173 3303 in
1198 3263 1337 3305 medio
1360 3264 1494 3306 imbre
1514 3279 1596 3306 non
1619 3266 1755 3309 fuerat
1775 3267 2028 3320 madefacta,
2053 3288 2069 3304 οι
2091 3269 2146 3311 ob
2164 3274 2251 3312 tam
2269 3282 2395 3324 gran-

328 3351 343 3367 »
370 3329 421 3371 de
452 3332 699 3373 miraculum
733 3335 773 3375 in
804 3335 945 3376 codiee
970 3339 1247 3390 lipistolarum
1280 3341 1393 3395 ejus,
1420 3364 1433 3377 υ
1457 3345 1611 3386 scilicet
1631 3345 1830 3387 Bernardi
1851 3379 1860 3396 ,
1887 3367 1901 3381 ιι
1924 3360 1947 3389 a
1964 3347 2168 3390 fratribus
2194 3361 2278 3391 non
2305 3349 2389 3396 im·-
