2517 3936
733 224 790 278 S.
837 222 1216 279 BERNARDI
1262 223 1575 280 ABBATIS

143 435 296 526 DE
371 432 813 579 GRATIA
885 435 1029 524 ET
1103 435 1528 526 LIBERO
1604 436 2158 532 ARBITRIO

941 655 1371 720 TRACTATUS,

534 846 601 881 AD
630 845 965 881 GUILLELMUM
995 846 1224 881 ABBATEM
1253 847 1767 883 SANCTI-THEODERICI.

370 1070 1066 1097 -ῌἭ-ὂα
1065 1070 1864 1099 ῡηῡοβκςψψ-
1883 1083 1939 1087 -ὴ

477 1300 540 1334 PR
544 1299 737 1335 AEFATIO
743 1326 750 1333 .

102 1414 258 1449 Domno
289 1412 516 1449 GUILLELMO
549 1409 679 1447 abbati
710 1409 1116 1455 Sancti-Theoderici,

422 1469 537 1507 frater
557 1474 795 1507 BERNARDUS.

155 1591 393 1641 Opusculum
429 1589 476 1627 de
509 1590 642 1628 Gratia
679 1598 716 1626 et
749 1588 889 1627 Libero
924 1588 1114 1635 Arbitrio,

102 1649 207 1699 quod
223 1650 309 1696 illa,
329 1663 405 1700 qua
425 1649 544 1696 scitis,
562 1649 762 1686 occasione
780 1662 906 1698 nuper
919 1661 1114 1697 aggressus

101 1723 205 1758 su1n3
226 1710 357 1747 eadem
381 1711 501 1761 gratia
523 1708 756 1758 adjuvante³
778 1709 907 1758 peregi
933 1717 973 1745 ut
992 1709 1113 1758 potui.

101 1775 247 1808 Vereor
259 1780 386 1808 autem
398 1801 408 1818 ‚
425 1785 473 1808 ne
487 1779 553 1808 aut
567 1769 725 1820 grandia
739 1769 864 1806 minus
880 1769 992 1818 digne
1008 1770 1115 1806 locu-

101 1840 162 1869 tus
180 1833 379 1880 inveniar,
400 1841 465 1870 aut
485 1840 716 1884 pertractata
741 1844 759 1867 a
780 1830 956 1881 pluribus
977 1844 1114 1881 super—

101 1891 180 1929 fluo
197 1900 432 1930 retractasse.
459 1891 625 1929 Proinde
646 1890 742 1927 illud
758 1891 870 1940 legite
886 1890 1034 1940 primus
1049 1919 1058 1935 ,
1079 1897 1115 1926 et

102 1950 133 1988 si
151 1950 354 2000 judicatis,
378 1952 481 1989 solus
503 1967 511 1989 ε
543 1965 590 1989 ne
619 1952 648 1988 si
670 1952 891 2001 proferatur
920 1950 957 1986 in
993 1950 1116 1987 medi-

99 2025 179 2059 um,
200 2012 319 2062 magis
338 2013 437 2050 forte
456 2012 654 2063 scriptoris
673 2011 890 2062 publicetur
911 2011 1115 2057 temeritas,

100 2085 214 2121 quam
244 2073 398 2110 lectoris
422 2073 633 2111 aedificetur
656 2073 829 2109 charitas.
859 2071 971 2120 Quod
989 2072 1017 2108 si
1041 2085 1110 2121 pa—
1128 2077 1156 2111 B

100 2133 174 2170 lam
200 2134 282 2170 fieri
305 2133 400 2171 utile
415 2133 684 2185 probaveritis,
698 2142 787 2170 tunc
809 2134 837 2169 si
856 2131 948 2182 quid
973 2131 1111 2168 obscu—

100 2193 179 2230 rius
206 2193 351 2230 dictum
371 2194 629 2239 adverteritis,
654 2193 759 2243 quod
790 2193 829 2228 in
858 2205 898 2228 re
928 2190 1111 2238 obscura,

99 2262 249 2290 servata
272 2267 441 2304 congrua
468 2253 669 2299 brevitate,
696 2253 769 2289 dici
797 2252 946 2302 planius
966 2251 1114 2301 potuis-

99 2323 173 2361 set;
194 2327 273 2351 non
288 2314 457 2351 sitvobis
469 2315 621 2365 pigrum
643 2322 708 2350 aut
727 2312 929 2349 emendare
949 2325 1018 2361 per
1032 2325 1114 2359 vos,

99 2382 164 2411 aut
197 2373 291 2411 mihi
319 2374 510 2424 resignare
537 2369 844 2418 emendandum,
881 2372 911 2408 si
948 2372 1115 2409 fraudari

99 2446 178 2469 non
194 2433 310 2470 vultis
327 2434 582 2484 promissione
603 2435 666 2470 illa
682 2433 882 2483 Sapientiae
897 2461 906 2477 ,
926 2446 1011 2481 quae
1030 2433 1081 2469 ait
1102 2448 1109 2469 :

104 2494 178 2538 Qui
195 2495 383 2530 elucidant
401 2507 471 2539 tne,
492 2499 611 2530 vitam
634 2503 815 2530 oetermzm
837 2492 1024 2528 habebunt
1039 2499 1062 2529 ¹.

483 2619 662 2659 CAPUT
693 2620 725 2657 I.

98 2742 150 2774 Ad
168 2742 245 2774 boni
263 2743 367 2785 operis
386 2743 529 2774 meritum
543 2767 550 2781 ,
573 2754 635 2774 una
661 2753 732 2773 cum
759 2744 858 2784 gratia
877 2746 956 2784 Dei,
979 2758 1109 2778 concur—

335 2808 404 2829 rere
422 2797 513 2828 liberi
532 2796 653 2827 arbitrii
673 2807 872 2829 consensum.

156 2921 189 2957 l.
203 2923 404 2970 Loquente
418 2933 478 2956 me
490 2932 617 2956 coram
631 2919 850 2968 aliquando,
867 2929 903 2956 et
916 2921 986 2957 Dei
1002 2921 1039 2957 in
1053 2935 1112 2958 me

98 2980 256 3030 gratiam
273 2979 580 3026 commendante,
602 2978 707 3028 quod
725 2979 866 3016 scilicet
881 2978 928 3016 ab
952 2980 1033 3030 ipsa
1051 2993 1111 3018 me

97 3041 138 3077 in
155 3039 259 3077 bono
279 3048 318 3077 et
338 3049 578 3091 praeventum
594 3053 837 3090 agnoscerem
850 3068 860 3083 ,
887 3048 925 3076 et
950 3041 1113 3090 provehi

100 3099 303 3147 sentirem,
332 3108 370 3137 et
395 3114 590 3151 sperarem
617 3099 895 3151 perficiendum
920 3116 928 3137 :
950 3101 1049 3150 Quid
1071 3110 1111 3138 tu

99 3173 207 3209 ergo,
226 3159 277 3197 ait
291 3173 391 3197 unus
406 3174 453 3198 ex
472 3159 820 3207 circumstantibus,
839 3162 1029 3212 operaris3
1048 3171 1112 3199 aut

1157 1295 1169 1312 ³
1183 1296 1276 1346 quid
1297 1297 1482 1335 mercedis
1499 1311 1628 1349 speras
1647 1299 1707 1335 vel
1726 1299 1872 1349 praemii
1887 1329 1896 1346 ,
1916 1299 1946 1336 si
1967 1308 2087 1338 totum
2107 1301 2192 1339 facit

1131 1359 1163 1391 A
1182 1361 1312 1395 Deus?
1339 1358 1439 1407 Quid
1464 1359 1564 1396 enim
1579 1387 1588 1404 ,
1610 1359 1764 1409 inquam
1779 1389 1789 1406 ,
1822 1369 1861 1396 tu
1893 1362 2084 1398 consulis?
2112 1367 2190 1408 Da,

1183 1418 1321 1467 inquit,
1340 1418 1498 1467 gloriam
1520 1422 1615 1465 Deo,
1637 1420 1702 1468 qui
1719 1420 1834 1469 gratis
1852 1428 1887 1457 te
1907 1423 2104 1470 praevenit,
2128 1437 2193 1460 ex-

1184 1477 1333 1530 citavit,
1357 1477 1542 1525 initiax⁴it3
1562 1487 1599 1515 et
1618 1480 1703 1516 vive
1725 1479 1837 1529 digne
1858 1480 1903 1517 de
1925 1490 2062 1518 caetero
2078 1512 2088 1530 ,
2115 1497 2191 1533 quo

1184 1544 1219 1572 te
1236 1536 1377 1586 probes
1399 1546 1436 1574 et
1461 1540 1650 1588 perceptis
1672 1538 1865 1577 beneficiis
1881 1554 1959 1577 non
1977 1542 2167 1592 ingratum
2180 1572 2190 1590 ,

1182 1605 1219 1632 et
1248 1597 1502 1647 percipiendis
1523 1597 1717 1635 idoneum.
1743 1602 1789 1635 Et
1808 1613 1878 1649 ego
1901 1615 1909 1636 :
1933 1604 2103 1649 Bonum,
2132 1603 2191 1639 in—

1182 1669 1315 1705 quam,
1344 1658 1545 1694 consilium
1576 1658 1665 1704 das,
1693 1659 1759 1695 sed
1788 1660 1817 1696 si
1838 1660 1987 1697 dederis
2015 1670 2052 1698 et
2078 1676 2190 1712 posse

1183 1716 1313 1752 teneri.
1331 1717 1523 1766 Siquidem
1546 1731 1624 1754 non
1642 1727 1697 1755 est
1714 1718 1883 1767 ejusdem
1913 1720 2100 1758 facilitatis
2118 1723 2190 1759 sci-

1183 1788 1223 1811 re
1250 1776 1343 1825 quid
1372 1777 1584 1813 faciendum
1616 1778 1683 1824 sit,
1711 1787 1748 1814 et
1777 1779 1898 1815 facere
1918 1795 1924 1816 :
1944 1781 2125 1829 quoniam
2152 1790 2190 1818 et

1183 1834 1332 1872 diversa
1347 1845 1456 1882 sunt,
1483 1850 1582 1873 caeco
1604 1836 1804 1882 ducatum,
1833 1852 1875 1874 ac
1894 1839 1990 1876 fesso
2017 1840 2189 1890 praebere

1182 1896 1411 1933 vehiculum.
1429 1900 1514 1934 Non
1533 1898 1765 1948 quicumque
1783 1899 1948 1936 ostendit
1964 1901 2078 1947 viam,
2098 1915 2192 1951 prae-

1182 1956 1246 1993 bet
1266 1958 1379 1994 etiam
1400 1958 1577 1994 viaticum
1600 1959 1805 1995 itineranti.
1829 1960 1943 1996 Aliud
1968 1961 2021 1996 illi
2041 1961 2193 1999 exhibet

1188 2018 1253 2066 qui
1287 2018 1375 2055 facit
1411 2032 1457 2054 ne
1495 2018 1641 2065 deviet3
1661 2027 1697 2055 et
1736 2019 1836 2056 aliud
1861 2021 1926 2069 qui
1960 2029 2112 2070 praestat
2141 2035 2187 2058 ne

1178 2076 1326 2113 deficiat
1354 2077 1391 2113 in
1422 2078 1492 2114 via.
1526 2082 1581 2114 Ita
1601 2091 1670 2114 nec
1690 2079 1813 2128 quivis
1835 2079 1982 2125 doctor,
1999 2081 2123 2116 statim
2156 2090 2193 2117 et

1180 2137 1290 2173 dator
1303 2138 1374 2174 erit
1387 2137 1478 2174 boni
1492 2138 1763 2188 quodcumque
1778 2139 1962 2176 docuerit.
1982 2143 2100 2176 Porro
2115 2140 2191 2176 duo

1181 2198 1271 2234 mihi
1288 2207 1376 2234 sunt
1391 2199 1619 2245 necessaria,
1638 2199 1767 2235 doceri
1789 2198 1981 2249 acjuvari.
2004 2204 2058 2236 Tu
2075 2200 2190 2237 homo

1182 2266 1284 2294 recte
1310 2258 1464 2307 quidem
1495 2260 1662 2296 consulis
1690 2260 1914 2309 ignorantiae
1937 2275 1943 2296 :
1966 2260 2049 2306 sed,
2071 2261 2100 2296 si
2122 2275 2189 2297 ve-

1183 2332 1267 2355 rum
1288 2320 1403 2355 sentit
1423 2320 1631 2370 Apostolus
1646 2350 1656 2366 ,
1680 2322 1835 2369 Spiritus
1855 2322 2009 2366 adjuvat
2031 2326 2068 2356 in
2098 2326 2191 2356 rmi-

1183 2387 1295 2414 tatem
1315 2389 1479 2415 nostram
1492 2386 1519 2417 2.
1542 2383 1624 2416 Imo
1642 2393 1733 2416 vero
1751 2381 1814 2429 qui
1831 2380 1920 2415 mihi
1938 2393 2006 2429 per
2023 2394 2064 2416 os
2085 2389 2190 2416 tuum

1180 2439 1368 2475 ministrat
1385 2440 1600 2487 consilium,
1618 2440 1698 2490 ipse
1715 2454 1866 2477 necesse
1881 2449 1936 2476 est
1953 2441 2138 2477 ministret
2154 2449 2191 2477 ct

1180 2513 1248 2550 per
1263 2514 1373 2537 suum
1392 2500 1575 2550 Spiritum
1592 2501 1838 2550 adjutorium,
1857 2514 1934 2550 quo
1954 2501 2097 2537 valeam
2117 2501 2190 2536 im-

1178 2561 1283 2610 plere
1316 2561 1420 2610 quod
1449 2561 1627 2598 consulis.
1662 2565 1758 2598 Ecce
1797 2560 1895 2596 enim
1923 2559 2001 2608 jam
2033 2573 2079 2596 ex
2107 2559 2189 2609 ejus

1178 2633 1337 2656 munere
1357 2621 1454 2657 velle
1470 2620 1616 2669 adjacet
1635 2620 1748 2666 mihi,
1766 2620 1948 2669 perficere
1965 2628 2087 2655 autem
2110 2633 2189 2655 non

1178 2679 1380 2727 inveni033
1417 2680 1482 2717 sed
1511 2694 1580 2716 nec
1607 2679 1810 2729 aliquando
1843 2692 1903 2715 me
1940 2679 2187 2715 inventurum

1177 2740 1355 2784 confido,
1390 2741 1461 2776 nisi
1494 2740 1558 2789 qui
1589 2739 1690 2775 dedit
1715 2739 1832 2783 velle,
1860 2738 1923 2774 det
1949 2747 1986 2774 et
2005 2740 2187 2789 perficere

1176 2813 1248 2849 pro
1278 2799 1379 2836 bona
1402 2801 1598 2836 voluntate
1609 2802 1635 2837 4.
1658 2799 1733 2837 [bi
1765 2812 1874 2847 ergo,
1899 2799 1973 2844 ais,
1997 2808 2086 2835 sunt
2106 2813 2187 2835 me-

1136 2857 1162 2893 C
1181 2861 1252 2897 rita
1274 2869 1425 2906 nostra,
1448 2869 1510 2896 aut
1535 2860 1598 2896 ubi
1617 2868 1672 2896 est
1699 2872 1784 2908 spes
1804 2859 1960 2894 nostra?
1984 2858 2105 2904 Audi,
2127 2859 2187 2894 in—

1180 2934 1293 2970 quam
1315 2936 1322 2957 :
1344 2922 1426 2955 Non
1459 2935 1507 2955 (nr
1538 2919 1710 2968 operibus
1730 2922 1894 2964 justitioe
1925 2932 2014 2966 (μιαί)
2026 2917 2187 2965 fecimus

1180 2995 1265 3025 nos,
1297 2982 1364 3016 secl
1379 2982 1580 3016 secundum
1609 2993 1713 3015 sumn
1744 2980 2037 3014 misericordiam
2068 2981 2187 3014 salvos

1182 3056 1246 3077 nos
1267 3040 1395 3087 feciffi.
1414 3040 1513 3088 Quid
1532 3040 1657 3076 enim?
1681 3044 1736 3077 Tu
1768 3040 1864 3076 forte
1893 3047 2094 3089 putaveras
2124 3046 2187 3074 tua

1183 3110 1217 3137 te
1232 3114 1377 3137 creasse
1399 3100 1546 3146 merita,
1570 3109 1631 3137 tua
1651 3113 1763 3150 posse
1784 3099 1920 3137 salvari
1938 3098 2098 3148 justitia,
2119 3096 2185 3146 qui

1180 3174 1249 3198 nec
1267 3161 1398 3197 saltem
1418 3160 1625 3198 Dominum
1644 3165 1773 3198 Jesum
1792 3159 1916 3196 dicere
1932 3166 2039 3208 potes
2058 3156 2127 3193 nisi
2145 3156 2183 3192 in

152 3313 159 3327 ¹
176 3306 272 3338 Eccli.
290 3316 380 3343 xxlv,
401 3309 456 3337 31.
474 3323 516 3327 -—
534 3312 546 3326 ²
563 3309 653 3336 Rom.
675 3317 735 3336 x111
751 3309 830 3338 (213.
851 3325 888 3328 —
908 3304 919 3325 ἶ
936 3306 980 3337 Id.
1000 3318 1044 3336 vii
1059 3331 1065 3343 ,
1086 3310 1136 3337 18.
1155 3324 1196 3327 —-
1216 3305 1227 3331 >5
1245 3305 1380 3347 Philipp.
1399 3316 1421 3335 ιι
1436 3330 1442 3338 ,
1467 3309 1515 3336 13.
1536 3323 1574 3326 —
1593 3303 1785 3335 51Tii.111.
1807 3306 1835 3332 L».

148 3371 161 3387 ³
184 3365 268 3397 Alias
280 3390 287 3403 ‚
311 3367 379 3395 Deo
394 3363 572 3407 adjuc-arse.
