2517 3920
353 208 453 246 1015

356 410 498 456 solam,
531 409 592 446 vel
626 408 790 445 maxime
829 406 1027 443 colendam
1065 418 1170 452 eam,
1201 418 1286 454 quae
1321 403 1369 440 ad

355 470 482 507 omnia
512 470 629 516 valet,
654 469 692 505 id
719 476 775 505 est
803 468 1004 517 pietatem,
1024 479 1183 516 prorsus
1216 465 1369 502 irrefra-

356 529 489 580 gabilis
515 530 612 567 ratio
633 536 832 565 monstrat.
855 526 956 575 Quid
983 527 1032 563 sit
1057 526 1177 576 pietas
1202 525 1369 575 quaeris?

356 594 500 627 Vacare
521 588 828 627 considerationi.
847 588 958 625 Dicas
973 587 1131 624 forsitan
1150 587 1189 622 in
1205 586 1277 622 hoc
1296 585 1369 621 dis·

355 652 496 688 sentire
515 665 574 688 me
597 650 643 687 ab
670 651 755 696 illo,
780 649 844 698 qui
865 649 1042 698 pietatem
1067 647 1200 683 definit
1221 647 1367 682 cultum

354 712 466 748 Dei1.
498 716 584 749 Non
615 719 672 748 est
702 710 766 746 ita.
803 709 840 746 Si
867 708 965 744 bene
997 706 1238 752 consideras,
1268 705 1369 741 illius

356 785 508 808 sensum
546 771 638 807 meis
674 769 842 819 expressi
874 767 1024 813 verbis,
1060 766 1132 803 etsi
1164 774 1287 802 tamen
1321 778 1368 800 ex

356 838 508 881 partea.
540 831 639 879 Quid
674 839 749 866 tam
786 829 981 879 pertinens
1012 827 1059 864 ad
1094 827 1239 863 cultum
1272 825 1366 871 Dei,

357 905 471 940 quam
502 890 606 940 quod
634 891 714 940 ipse
744 890 919 925 hortatur
943 888 981 924 in
1008 887 1157 924 Psalmo
1180 901 1188 922 :
1210 888 1366 931 Vaccae,

355 960 389 986 rt
418 952 542 986 videte
571 954 750 998 quoniam
779 962 844 998 ego
871 962 949 984 sum
979 948 1135 983 De1152?
1154 945 1259 995 quod
1281 958 1370 982 sane

350 1011 391 1046 in
409 1009 583 1060 partibus
603 1009 917 1046 considerationis
930 1008 1169 1058 praecipuum
1186 1014 1254 1042 est.
1271 1005 1371 1053 Quid

351 1068 542 1119 deniqueb
570 1078 645 1106 tam
666 1070 796 1105 valens
818 1068 864 1105 ad
883 1068 1011 1104 onmia
1025 1097 1034 1113 ,
1061 1080 1178 1117 quain
1197 1079 1283 1116 quae
1307 1066 1368 1116 ip·
1390 1067 1416 1101 B
1436 1065 1562 1111 detur,
1585 1066 1651 1115 qui
1669 1078 1800 1102 curam
1826 1064 1951 1101 carnis
1973 1071 2115 1100 nostrae
2135 1063 2245 1100 docet
2265 1076 2344 1100 non
2362 1077 2450 1114 per-

350 1131 426 1167 sius
460 1143 613 1180 quoque
652 1129 811 1166 actionis
846 1137 974 1179 partes
1005 1128 1170 1178 benigna
1207 1127 1370 1176 quadam

356 1190 657 1240 praesumptione
686 1203 772 1226 suas
802 1190 907 1236 facit,
926 1188 1156 1239 praeagendo
1183 1187 1372 1238 quodam-

356 1251 492 1298 modo,
511 1259 548 1287 et
569 1250 872 1300 praeordinando
894 1264 979 1300 quae
997 1249 1143 1299 agenda
1163 1249 1274 1285 sunt?
1294 1251 1371 1285 Ne-

354 1312 517 1348 cessario
538 1325 646 1358 sane3
670 1325 716 1347 ne
739 1312 835 1348 forte
862 1324 946 1360 quae
970 1319 1007 1347 et
1025 1309 1187 1360 praevisa
1212 1316 1249 1344 et
1269 1322 1370 1358 prae-

356 1371 537 1408 meditata
569 1380 748 1421 poterant
780 1385 859 1408 esse
899 1372 1093 1421 proficuo,
1134 1369 1369 1420 praecipitata

357 1433 474 1482 magis
492 1432 664 1482 periculo
689 1433 779 1469 fiant
798 1447 805 1469 ι
823 1432 929 1482 quod
950 1432 1121 1478 tibimet,
1138 1431 1167 1468 si
1185 1431 1368 1467 recorda-

356 1493 407 1529 ris
436 1493 474 1529 in
500 1493 591 1542 ipsis
614 1492 828 1530 actionibus
855 1506 1076 1538 causarum,
1099 1500 1135 1528 et
1157 1492 1197 1528 in
1223 1491 1368 1541 magnis

357 1552 575 1603 quibusque
603 1553 782 1602 negotiis,
813 1566 1086 1602 magnarumve
1114 1552 1282 1589 consiliis
1308 1566 1368 1588 re-

354 1627 440 1650 rum
469 1614 690 1663 frequenter
717 1614 896 1650 accidisse
920 1627 997 1650 non
1029 1612 1194 1662 ambigo.
1217 1616 1265 1650 Et
1287 1613 1367 1663 pri-

354 1687 459 1711 mum
497 1674 651 1724 quidem
700 1675 822 1724 ipsum
869 1675 1013 1711 sontem
1057 1687 1188 1719 suum,
1226 1673 1265 1710 id
1313 1682 1369 1710 est

354 1743 541 1780 mentem,
565 1735 611 1771 de
639 1750 714 1786 qua
738 1737 874 1782 oritur,
898 1735 1074 1785 purificat
1100 1734 1366 1771 consideratio.

356 1796 504 1833 Deinde
544 1797 639 1846 regit
671 1797 847 1843 affectus,
885 1796 1012 1846 dirigit
1051 1804 1174 1841 actim,
1214 1795 1371 1845 corrigit

356 1869 555 1904 excessus,
587 1857 783 1907 componit
815 1871 940 1894 mores
955 1886 964 1904 ‚
985 1857 1101 1893 vitam
1129 1857 1306 1893 honestat
1334 1865 1371 1892 et
1391 1857 1417 1893 C
1437 1851 1553 1896 nOlit3
1580 1864 1650 1888 nec
1673 1851 1778 1900 quod
1799 1850 1870 1887 Sibi
1892 1850 1984 1886 velit
2009 1849 2093 1885 fieri
2114 1856 2309 1897 negatura·
2328 1851 2372 1884 In
2394 1847 2452 1885 his
2474 1848 2475 1853 ¹

357 1917 531 1964 ordinat,
549 1926 746 1968 postremo
773 1917 992 1954 divinarum
1015 1917 1158 1967 pariter
1179 1925 1216 1953 et
1236 1917 1372 1953 huma—

359 1990 496 2013 narum
528 1991 656 2013 rerum
683 1977 876 2014 scientiam
905 1977 1065 2013 confert.
1094 1980 1185 2013 Haec
1209 1984 1264 2012 est
1287 1990 1372 2026 quae

358 2037 517 2074 confusa
538 2037 798 2084 disterminat,
819 2038 962 2074 hiantia
987 2037 1106 2086 cogit,
1131 2049 1261 2087 sparsa
1285 2037 1373 2073 col-

361 2099 462 2147 ligit,
488 2107 632 2135 secreta
651 2099 821 2145 rimatur,
844 2112 931 2135 vera
956 2098 1130 2147 vestigat,
1151 2097 1372 2134 verisimilia

356 2159 577 2205 examinat,
602 2161 686 2196 ficta
703 2168 740 2196 et
757 2160 880 2196 fucata
901 2159 1088 2208 explorat.
1106 2161 1197 2194 Haec
1213 2166 1268 2194 est
1286 2171 1371 2207 quae

357 2219 504 2268 agenda
535 2219 788 2269 praeordinat,
813 2228 894 2256 acta
922 2220 1122 2268 recogitat,
1145 2226 1188 2255 ut
1212 2218 1304 2254 nihil
1332 2218 1371 2254 in

358 2289 486 2317 mente
526 2280 688 2318 resideat
723 2289 786 2317 aut
825 2281 1104 2325 incorrectum,
1143 2288 1208 2316 aut
1245 2293 1371 2316 corre-

357 2341 482 2378 ctione
499 2354 612 2390 egens
625 2349 649 2378 C.
669 2345 759 2378 Haec
773 2350 827 2378 est
844 2355 929 2391 quae
946 2342 982 2377 in
1001 2341 1196 2391 prosperis
1212 2340 1371 2377 adversa

357 2401 573 2450 praesentit,
604 2401 642 2437 in
676 2401 843 2438 adversis
874 2402 982 2451 quasi
1012 2414 1089 2437 non
1115 2401 1253 2438 sentit:
1274 2414 1373 2450 quo-

359 2471 446 2495 rum
483 2459 643 2496 alterum
680 2460 934 2507 fortitudinis5
966 2460 1127 2497 alterum
1158 2459 1372 2510 prudentiae

358 2526 424 2554 est.

699 2639 876 2679 CAPUT
906 2640 1028 2681 VIII.

359 2762 404 2790 Ex
427 2760 541 2802 pietate
558 2768 588 2793 et
610 2765 874 2806 contemplatione
900 2764 1143 2807 pulcherrimam
1161 2769 1297 2805 quatuor
1312 2762 1374 2805 pri-

407 2826 528 2847 marum
548 2817 699 2849 virtutum
715 2818 912 2850 hannoniafl]
937 2825 967 2850 et
991 2818 1216 2849 connexionem
1237 2818 1323 2848 oriri.

418 2936 451 2971 9.
481 2935 538 2972 Ibi
565 2937 678 2973 etiam
707 2938 906 2975 advertere
929 2939 994 2975 tibi
1025 2946 1081 2975 est
1109 2938 1374 2974 suavissimum

365 2995 567 3044 quemdam
586 3006 811 3033 concentum
835 3000 1157 3049 complexumque
1173 2999 1373 3044 virtutum,

366 3063 479 3104 atque
503 3056 658 3092 alteram
685 3058 853 3107 pendere
876 3074 921 3095 ex
948 3060 1085 3105 altera,
1108 3059 1205 3095 sicut
1224 3059 1296 3095 hoc
1317 3059 1376 3095 lo-

365 3128 410 3152 co
427 3115 552 3162 vides,
573 3116 805 3155 fortitudinis
827 3128 986 3156 matrem
1003 3133 1084 3156 esse
1102 3119 1347 3169 prudentiam
1367 3134 1374 3155 z

365 3188 436 3212 nec
456 3175 721 3213 fortitudinem
738 3206 747 3223 ,
767 3178 830 3214 sed
857 3180 1103 3215 temeritatem
1123 3193 1203 3216 esse
1218 3180 1379 3228 quemli-

1127 208 1163 244 S.
1193 205 1448 243 BERNARDI
1476 202 1678 240 ABBATIS

355 287 506 327 cedere·
529 290 624 325 Nam
652 286 684 324 Si
712 286 842 323 liceret
871 284 975 335 quod
1005 284 1177 331 deceret,
1196 284 1369 321 absolute
1383 280 1501 325 ⁴¹²bet
1516 300 1648 324 ausum
1660 316 1670 333 ,
1682 298 1797 336 quem
1811 298 1890 322 non
1904 283 2110 335 parturivit
2124 282 2339 334 prudentia.
2354 287 2443 324 Haec
2476 293 2488 327 1

354 363 426 399 per
448 349 577 385 Omnia
602 356 640 385 et
667 348 707 384 in
731 346 909 384 omnibus
928 344 1226 395 praeferendam>
1249 353 1285 381 et
1309 343 1366 379 Vel
1385 343 1414 376 Α
1436 350 1527 385 item
1554 356 1630 395 est,
1656 360 1741 397 quae
1768 347 1868 383 inter
1893 345 2111 395 voluptates
2138 352 2177 380 et
2206 344 2443 384 necessitates
2477 348 2489 389 ξ’

1388 2644 1421 2678 D
1439 2636 1677 2687 superfluum
1693 2665 1702 2682 ,
1721 2649 1791 2672 nec
1808 2633 2063 2671 necessarium
2083 2632 2176 2683 quid
2194 2631 2453 2683 superstitiose
2475 2648 2481 2679 4

2344 200 2439 240 1016

1435 409 1580 453 media,
1601 407 1710 457 quasi
1726 405 1900 456 quaedam
1920 404 2063 453 arbitra
2080 403 2233 450 sedens,
2254 400 2444 454 utrimque
2462 446 2463 450 Ἰ

1436 469 1547 506 certis
1569 466 1749 503 limitibus
1767 465 2009 502 disterminat
2026 465 2119 500 fines
2132 492 2141 509 ,
2160 463 2239 500 istis
2256 463 2446 513 assignans

1435 537 1473 565 et
1505 526 1682 578 praebens
1709 526 1814 576 quod
1840 534 1894 563 sat
1918 533 1995 571 est3
2018 524 2092 561 illis
2120 523 2225 573 quod
2255 523 2366 560 nimis
2389 518 2471 573 ⁶⁵²¹*

1436 588 1611 634 demens;
1644 595 1680 623 et
1711 587 1763 623 sic
1795 599 1843 623 ex
1876 585 2058 621 alterutro
2094 583 2244 620 tertiam
2279 583 2465 638 formans}

1435 648 1618 684 virtutem
1634 677 1643 693 ,
1668 660 1783 696 quam
1815 646 1947 682 dicunt
1979 643 2284 694 temperantiam.
2303 643 2466 697 Nempe}

1435 707 1754 757 intemperantem
1787 705 1868 755 ipsa
1906 702 2161 741 consideratio
2190 709 2339 748 censet,
2371 702 2465 740 tam'

1435 780 1521 803 eum
1553 767 1617 816 qui
1649 765 1870 802 necessariis
1895 762 2142 814 pertinaciter
2169 761 2306 808 demit,
2332 775 2445 811 quam

1435 827 1500 876 qui
1530 826 1702 875 indulget
1734 825 1949 875 superfluis.
1978 827 2062 861 Non
2097 830 2153 859 est
2181 835 2272 872 ergo
2303 827 2473 889 tempe--I
2515 853 2517 857 .

1437 886 1559 922 rantia
1579 886 1617 922 in
1640 886 1728 922 solis
1760 884 1974 921 resecandis
1995 882 2199 933 superfluis
2224 895 2231 917 :
2260 891 2317 919 est
2348 890 2386 919 et
2408 883 2469 925 in;

1437 946 1684 983 admittendis
1716 945 1950 982 necessariis.
1973 943 2098 992 Hujus
2121 943 2318 980 sententiae
2343 930 2470 1008 Apo-f
2506 976 2510 978 .

1437 1007 1558 1043 stolus
1589 1019 1668 1042 non
1698 1006 1825 1042 fautor
1854 1013 2027 1050 tantum,
2044 1003 2110 1040 sed
2135 1011 2270 1040 auctor
2293 1016 2374 1040 esse
2397 1003 2471 1092 vi]

2469 781 2472 796 l

2467 1110 2471 1118 i

1441 1126 1499 1162 fici
1518 1126 1557 1162 in
1584 1126 1787 1163 desiderio.
1807 1125 1946 1162 Dicens
1967 1123 2155 1173 siquidem
2176 1137 2304 1160 curam
2328 1129 2450 1162 carnis
2512 1156 2515 1158 .

1438 1200 1512 1222 non
1536 1187 1697 1235 perfici,
1721 1186 1915 1236 superflua
1935 1184 2088 1222 cohibet
2109 1199 2118 1221 z
2139 1184 2303 1230 addens,
2324 1189 2363 1220 in
2385 1179 2470 1222 ‹le-l

1436 1249 1574 1283 siderio
1586 1246 1614 1294 3,
1643 1247 1853 1284 necessaria
1885 1259 1965 1283 non
1998 1245 2180 1282 excludit.
2214 1245 2328 1283 Unde
2360 1247 2450 1284 mihi
2467 1217 2479 1300 lfr
2505 1278 2513 1283 .

1438 1307 1592 1344 videtur
1620 1321 1699 1345 non
1730 1307 1891 1344 omnino
1923 1306 2089 1344 absurde
2121 1305 2282 1342 definire
2306 1302 2470 1356 tempe-l
2507 1339 2514 1343 .

1435 1367 1601 1404 rantiam
1614 1396 1623 1413 ,
1645 1368 1711 1417 qui
1728 1367 1826 1404 hanc
1846 1380 1917 1404 nec
1937 1365 2146 1417 praecidere
2170 1365 2450 1414 necessitatem,
2468 1381 2472 1425 ff

1436 1440 1507 1464 nec
1548 1427 1735 1464 excedere
1771 1426 1894 1473 dicat,
1931 1425 2042 1476 juxta
2079 1425 2176 1462 illud
2208 1425 2473 1488 philosophi&
2504 1459 2511 1464 .

1436 1505 1450 1520 «
1471 1491 1529 1525 Ne
1547 1488 1641 1538 quid
1661 1487 1786 1525 nimis.
1809 1505 1824 1521 »

1491 1550 1550 1586 10.
1572 1553 1655 1587 Jam
1692 1549 1738 1586 de
1767 1548 1936 1599 justitia,
1969 1562 2054 1598 quae
2089 1561 2166 1585 una
2200 1560 2247 1584 ex
2287 1538 2506 1609 quatuor'l.

1436 1618 1514 1656 est,
1532 1623 1662 1647 nonne
1679 1619 1827 1647 constat
1848 1609 2156 1646 consideratione
2169 1616 2338 1645 mentem
2356 1621 2451 1658 prae-

1435 1671 1579 1716 veniri,
1611 1679 1653 1707 ut
1686 1684 1724 1707 se
1756 1671 1896 1707 formet
1927 1670 1966 1706 in
1996 1671 2062 1706 ea?
2091 1671 2137 1706 Se
2166 1668 2267 1705 enim
2299 1681 2476 1720 necesse⁸
2513 1659 2517 1704 ¹.

1437 1739 1492 1766 est
1514 1731 1620 1781 prius
1654 1731 1814 1781 cogitet,
1840 1738 1881 1767 ut
1908 1743 1955 1766 ex
1984 1742 2023 1766 se
2053 1741 2226 1765 normam
2258 1727 2371 1764 ducat
2387 1727 2452 1777 ju-

1437 1791 1568 1836 suffiae,
1587 1804 1658 1828 nec
1681 1791 1825 1827 factura
1845 1790 1978 1839 utique
2000 1788 2131 1834 alteri,
2155 1787 2260 1837 quod
2283 1786 2351 1824 sibi
2372 1787 2452 1824 fieri
2471 1833 2474 1847 ι

1440 1925 1579 1961 nempe
1613 1911 1764 1948 duobus
1798 1912 1920 1961 liquet
1951 1910 2144 1959 integrum
2183 1921 2264 1945 esse
2293 1906 2476 1962 justitiae'

1439 1981 1592 2010 statum.
1616 1972 1688 2010 Sed
1718 1985 1788 2009 nec
1819 1972 1901 2022 ipsa
1925 1970 2091 2008 solitaria
2120 1978 2188 2007 est.
2212 1973 2366 2007 Intuere
2392 1977 2450 2006 et—
2473 2002 2475 2011 ,

1439 2033 1539 2070 enim
1566 2046 1669 2070 nunc
1694 2046 1843 2069 mecum
1871 2032 1986 2069 etiam
2004 2029 2119 2080 hujus
2136 2030 2334 2080 pulchram
2356 2042 2451 2066 con·
2472 2020 2478 2029 ⁴

1440 2094 1645 2131 nexionem
1665 2102 1702 2130 et
1722 2093 1993 2130 cohaerentiam
2014 2105 2100 2129 cum
2122 2091 2374 2141 temperantia
2388 2119 2398 2136 ,
2415 2097 2453 2127 et

1438 2154 1529 2191 item
1565 2153 1765 2190 ambarum
1799 2166 1884 2190 cum
1919 2151 2068 2189 duabus
2095 2149 2380 2201 superioribus,
2413 2147 2478 2206 id}

1440 2224 1495 2252 est
1514 2214 1723 2265 prudentia
1743 2222 1781 2251 et
1803 2212 2040 2250 fortitudine.
2063 2216 2158 2250 Nam
2191 2224 2276 2248 cum
2298 2209 2452 2260 justitiae

1439 2275 1588 2312 dicatur
1611 2275 1764 2325 portio,
1786 2273 1891 2324 quod
1921 2272 1993 2310 sibi
2020 2285 2099 2309 non
2125 2272 2208 2309 vult
2236 2271 2318 2308 fieri
2344 2270 2451 2320 quis,
2474 2290 2479 2319 3
2511 2284 2513 2292 ·

1438 2337 1500 2373 alii
1536 2349 1616 2372 non
1637 2336 1780 2380 facere;
1801 2347 1920 2384 porro
1946 2333 2151 2383 perfectio,
2173 2331 2278 2382 quod
2300 2331 2352 2368 ait
2374 2334 2452 2368 Do-
2476 2323 2477 2327 Ἰ

1438 2396 1586 2441 minus,
1622 2396 1882 2442 Qu'oecumque
1900 2395 2015 2429 vultI's
2039 2402 2079 2428 ut
2090 2390 2243 2439 saciant
2263 2391 2372 2428 vobis
2393 2391 2454 2426 ho—

1439 2459 1581 2501 mines,
1618 2465 1654 2491 ec
1681 2468 1750 2491 vos
1779 2452 1904 2501 facite
1939 2452 2071 2488 illis4:
2103 2460 2284 2489 neutrum
2315 2451 2483 2514 hori1m3
2513 2463 2515 2476 ¹

1439 2517 1528 2563 erit,
1559 2515 1631 2552 nisi
1665 2515 1747 2566 ipsa
1774 2515 1976 2559 voluntas,
2012 2512 2058 2549 de
2091 2526 2166 2562 qua
2194 2520 2274 2549 tota
2302 2506 2482 2568 ducituz‘ff
2514 2525 2517 2531 ·

1443 2577 1588 2622 forma,
1614 2577 1667 2612 sic
1690 2575 1866 2613 ordinata
1887 2574 2023 2620 fuerit,
2045 2581 2088 2611 ut
2110 2586 2180 2610 nec
2199 2573 2291 2609 velit
2311 2570 2453 2622 aliquid
2477 2569 2481 2597 ¹
2512 2614 2513 2617 Ἴ

1442 2698 1561 2743 nolit,
1585 2696 1691 2746 quod
1713 2695 1869 2746 quidem
1902 2692 2164 2745 temperantiae
2188 2701 2256 2729 est.
2282 2691 2454 2742 Denique
2479 2699 2486 2721 ·-
2515 2707 2517 2723 ÷

1440 2765 1478 2794 et
1506 2757 1579 2807 ipsi
1601 2755 1781 2806 justitiae,
1802 2764 1844 2792 ut
1868 2754 1972 2805 justa
1997 2754 2064 2800 sit,
2088 2752 2344 2804 temperantia
2371 2763 2453 2788 mo-

1441 2817 1532 2854 dum
1557 2816 1735 2867 imponit.
1755 2817 1846 2852 Noli
1870 2819 2026 2851 nlmitcm
2050 2827 2128 2850 esse
2144 2814 2287 2860 justas,
2314 2813 2365 2849 ait
2387 2813 2453 2849 Sa-
2476 2815 2483 2853 l

1440 2878 1550 2929 piens
1565 2876 1592 2924 5,
1615 2877 1821 2914 ostendens
1848 2889 1918 2926 per
1944 2875 2018 2912 hoc
2044 2873 2200 2910 minime
2229 2871 2449 2923 approban-
2477 2877 2488 2901 '-

1442 2939 1529 2975 dam
1555 2937 1762 2987 justitiam,
1791 2950 1874 2986 quae
1904 2934 2165 2985 temperantiae
2191 2931 2451 2970 moderamine

1445 3012 1523 3035 non
1546 2998 1730 3035 frenetur.
1759 2996 1861 3045 Quid
1882 2995 1989 3045 quod
2012 3003 2051 3031 et
2076 2994 2160 3044 ipsa
2179 2993 2364 3044 sapientia
2383 2989 2455 3028 hoc
2479 3020 2483 3036 ,

1447 3057 1710 3107 temperantiae
1733 3056 1883 3093 frenum
1909 3068 1990 3091 non
2013 3054 2180 3104 respuit3
2197 3052 2348 3089 dicente
2362 3054 2456 3088 Pau·
2480 3061 2483 3100 ζ

1444 3119 1481 3155 lo
1501 3117 1712 3155 secundum
1734 3116 1961 3167 sapientiam
1983 3128 2004 3152 a
2023 3118 2106 3152 Deo
2127 3113 2199 3151 sibi
2215 3113 2341 3150 datam
2354 3141 2364 3159 ‚
2383 3122 2455 3147 non
2480 3117 2508 3152 ,ι’

1440 3183 1528 3229 plus
1559 3191 1718 3227 sapere,
1743 3191 1856 3227 quam
1889 3184 2034 3225 oportet
2063 3187 2218 3224 sapere,
2235 3174 2305 3209 sed
2326 3182 2457 3220 sapere
2501 3179 2506 3200 ¹

411 3310 421 3325 ¹
439 3303 502 3335 Job
521 3315 646 3342 xxwu,
672 3308 727 3344 28,
741 3306 830 3347 juxta
849 3308 952 3337 Lxx.
980 3325 1023 3328 -
1045 3312 1056 3327 ²
1072 3308 1152 3338 I'sal.
1172 3319 1250 3347 XLV,
1273 3311 1326 3339 11.
1343 3328 1388 3331 —-
1403 3307 1418 3331 ³
1434 3312 1528 3340 Rom.
1548 3320 1613 3339 x111
1629 3332 1636 3346 ‚
1667 3309 1767 3338 14.-
1781 3308 1794 3334 4
1809 3306 1925 3338 Mauh.
1942 3318 1991 3337 vn
2005 3330 2012 3344 ,
2036 3308 2088 3337 12.
2107 3323 2153 3327 ——
2167 3302 2181 3326 ⁵
2198 3303 2301 3335 Eccle.
2320 3313 2381 3340 vn,
2400 3301 2454 3332 17·

408 3364 421 3379 ³
440 3362 526 3394 Alias
540 3387 548 3401 ,
567 3364 626 3395 etsi
643 3362 713 3395 licet
733 3376 771 3395 ex
779 3372 882 3409 parte.
899 3384 944 3389 -
962 3358 977 3381 b
992 3365 1079 3397 Alias
1094 3391 1100 3403 ,
1123 3366 1216 3407 Quid
1232 3366 1356 3399 deinde.
1374 3387 1418 3390 —
1433 3368 1544 3400 cAlias
1556 3392 1563 3404 ,
1585 3373 1638 3398 am
1656 3368 1866 3412 incorreptum
1885 3373 1939 3397 aa!
1958 3365 2156 3411 correptione
2177 3374 2281 3408 egens.
