<?xml version="1.0" encoding="UTF-8"?>
<!DOCTYPE html PUBLIC "-//W3C//DTD XHTML 1.0 Transitional//EN"
    "http://www.w3.org/TR/xhtml1/DTD/xhtml1-transitional.dtd">
<html xmlns="http://www.w3.org/1999/xhtml" xml:lang="en" lang="en">
 <head>
  <title>
</title>
<meta http-equiv="Content-Type" content="text/html;charset=utf-8" />
  <meta name='ocr-system' content='tesseract 3.04.00' />
  <meta name='ocr-capabilities' content='ocr_page ocr_carea ocr_par ocr_line ocrx_word'/>
</head>
<body>
  <div class='ocr_page' id='page_1' title='image "./operaomniapostho01bernuoft_0055.png"; bbox 0 0 2565 3952; ppageno 0'>
   <div class='ocr_carea' id='block_1_1' title="bbox 110 179 2216 219">
    <p class='ocr_par' dir='ltr' id='par_1_1' title="bbox 110 179 2216 219">
     <span class='ocr_line' id='line_1_1' title="bbox 110 179 2216 219; baseline -0.003 -2"><span class='ocrx_word' id='word_1_1' title='bbox 110 183 157 217; x_wconf 72' lang='lat'>85</span> <span class='ocrx_word' id='word_1_2' title='bbox 567 194 570 197; x_wconf 94' lang='grc'><strong>·</strong></span> <span class='ocrx_word' id='word_1_3' title='bbox 804 179 1164 215; x_wconf 72' lang='lat' dir='ltr'>CHRONOLOGIA</span> <span class='ocrx_word' id='word_1_4' title='bbox 1196 179 1357 214; x_wconf 68' lang='lat' dir='ltr'>BERNA</span> <span class='ocrx_word' id='word_1_5' title='bbox 1365 180 1535 216; x_wconf 63' lang='lat' dir='ltr'>RDINA.</span> <span class='ocrx_word' id='word_1_6' title='bbox 2165 184 2216 219; x_wconf 69' lang='lat'>80·</span> 
     </span>
    </p>
   </div>
   <div class='ocr_carea' id='block_1_2' title="bbox 72 254 1136 3406">
    <p class='ocr_par' dir='ltr' id='par_1_2' title="bbox 110 254 1128 338">
     <span class='ocr_line' id='line_1_2' title="bbox 110 254 1128 297; baseline -0.004 -8"><span class='ocrx_word' id='word_1_7' title='bbox 110 258 192 290; x_wconf 89' lang='lat' dir='ltr'>laris</span> <span class='ocrx_word' id='word_1_8' title='bbox 214 259 290 297; x_wconf 81' lang='lat' dir='ltr'>ejus</span> <span class='ocrx_word' id='word_1_9' title='bbox 316 256 516 289; x_wconf 78' lang='lat' dir='ltr'>sanctitatis</span> <span class='ocrx_word' id='word_1_10' title='bbox 533 261 568 288; x_wconf 91' lang='lat' dir='ltr'>et</span> <span class='ocrx_word' id='word_1_11' title='bbox 589 255 760 287; x_wconf 87' lang='lat' dir='ltr'>doctrinae</span> <span class='ocrx_word' id='word_1_12' title='bbox 785 254 938 287; x_wconf 88' lang='lat' dir='ltr'>coelestis</span> <span class='ocrx_word' id='word_1_13' title='bbox 955 255 1048 285; x_wconf 87' lang='lat' dir='ltr'>fama</span> <span class='ocrx_word' id='word_1_14' title='bbox 1066 264 1128 295; x_wconf 89' lang='lat' dir='ltr'>per</span> 
     </span>
     <span class='ocr_line' id='line_1_3' title="bbox 111 305 589 338; baseline -0.004 -1"><span class='ocrx_word' id='word_1_15' title='bbox 111 306 236 338; x_wconf 84' lang='lat' dir='ltr'>urbem</span> <span class='ocrx_word' id='word_1_16' title='bbox 255 311 289 337; x_wconf 85' lang='lat' dir='ltr'>et</span> <span class='ocrx_word' id='word_1_17' title='bbox 307 306 430 337; x_wconf 64' lang='lat' dir='ltr'>orbem</span> <span class='ocrx_word' id='word_1_18' title='bbox 448 305 589 336; x_wconf 76' lang='lat' dir='ltr'>volavit.</span> 
     </span>
    </p>

    <p class='ocr_par' dir='ltr' id='par_1_3' title="bbox 108 352 1130 690">
     <span class='ocr_line' id='line_1_4' title="bbox 154 352 1128 395; baseline -0.002 -10"><span class='ocrx_word' id='word_1_19' title='bbox 154 358 244 386; x_wconf 83' lang='grc'><strong>1126.</strong></span> <span class='ocrx_word' id='word_1_20' title='bbox 270 357 373 393; x_wconf 88' lang='lat' dir='ltr'>Otto,</span> <span class='ocrx_word' id='word_1_21' title='bbox 397 359 517 395; x_wconf 79' lang='lat' dir='ltr'>postea</span> <span class='ocrx_word' id='word_1_22' title='bbox 546 352 778 394; x_wconf 78' lang='lat' dir='ltr'>Frisingensis</span> <span class='ocrx_word' id='word_1_23' title='bbox 804 352 990 393; x_wconf 85' lang='lat' dir='ltr'>episeopus</span> <span class='ocrx_word' id='word_1_24' title='bbox 1006 376 1014 391; x_wconf 92' lang='lat'>,</span> <span class='ocrx_word' id='word_1_25' title='bbox 1039 353 1128 384; x_wconf 90' lang='lat' dir='ltr'>cele·</span> 
     </span>
     <span class='ocr_line' id='line_1_5' title="bbox 108 401 1129 444; baseline -0.001 -10"><span class='ocrx_word' id='word_1_26' title='bbox 108 403 182 434; x_wconf 88' lang='lat' dir='ltr'>bris</span> <span class='ocrx_word' id='word_1_27' title='bbox 198 403 508 444; x_wconf 77' lang='lat' dir='ltr'>historiographus</span> <span class='ocrx_word' id='word_1_28' title='bbox 521 427 529 442; x_wconf 99' lang='lat'>,</span> <span class='ocrx_word' id='word_1_29' title='bbox 544 402 756 434; x_wconf 87' lang='lat' dir='ltr'>monachum</span> <span class='ocrx_word' id='word_1_30' title='bbox 777 401 894 432; x_wconf 90' lang='lat' dir='ltr'>induit</span> <span class='ocrx_word' id='word_1_31' title='bbox 913 402 948 433; x_wconf 87' lang='lat' dir='ltr'>in</span> <span class='ocrx_word' id='word_1_32' title='bbox 966 402 1129 433; x_wconf 88' lang='lat' dir='ltr'>coenobio</span> 
     </span>
     <span class='ocr_line' id='line_1_6' title="bbox 109 451 1129 490; baseline -0.002 -6"><span class='ocrx_word' id='word_1_33' title='bbox 109 452 333 484; x_wconf 83' lang='lat' dir='ltr'>Morimundi.</span> <span class='ocrx_word' id='word_1_34' title='bbox 352 455 398 490; x_wconf 89' lang='grc'>15,</span> <span class='ocrx_word' id='word_1_35' title='bbox 415 458 455 484; x_wconf 91' lang='grc'>01</span> <span class='ocrx_word' id='word_1_36' title='bbox 472 453 596 485; x_wconf 81' lang='lat' dir='ltr'>scribit</span> <span class='ocrx_word' id='word_1_37' title='bbox 621 451 804 483; x_wconf 84' lang='lat' dir='ltr'>familiaris</span> <span class='ocrx_word' id='word_1_38' title='bbox 822 453 898 490; x_wconf 86' lang='lat' dir='ltr'>ejus</span> <span class='ocrx_word' id='word_1_39' title='bbox 917 452 1129 490; x_wconf 81' lang='lat' dir='ltr'>Radevicus,</span> 
     </span>
     <span class='ocr_line' id='line_1_7' title="bbox 109 501 1128 541; baseline -0.001 -9"><span class='ocrx_word' id='word_1_40' title='bbox 109 501 363 541; x_wconf 86' lang='lat' dir='ltr'>imperatorum</span> <span class='ocrx_word' id='word_1_41' title='bbox 387 502 525 533; x_wconf 88' lang='lat' dir='ltr'>Henrici</span> <span class='ocrx_word' id='word_1_42' title='bbox 546 504 583 532; x_wconf 90' lang='lat' dir='ltr'>lv</span> <span class='ocrx_word' id='word_1_43' title='bbox 600 510 709 541; x_wconf 91' lang='lat' dir='ltr'>nepos</span> <span class='ocrx_word' id='word_1_44' title='bbox 721 525 729 538; x_wconf 93' lang='lat'>,</span> <span class='ocrx_word' id='word_1_45' title='bbox 751 501 888 531; x_wconf 87' lang='lat' dir='ltr'>Henrici</span> <span class='ocrx_word' id='word_1_46' title='bbox 907 504 933 531; x_wconf 81' lang='lat' dir='ltr'>V</span> <span class='ocrx_word' id='word_1_47' title='bbox 951 501 1128 539; x_wconf 86' lang='lat' dir='ltr'>sororius,</span> 
     </span>
     <span class='ocr_line' id='line_1_8' title="bbox 109 550 1129 590; baseline 0 -9"><span class='ocrx_word' id='word_1_48' title='bbox 109 551 260 582; x_wconf 89' lang='lat' dir='ltr'>Conradi</span> <span class='ocrx_word' id='word_1_49' title='bbox 277 553 388 583; x_wconf 86' lang='lat' dir='ltr'>frater</span> <span class='ocrx_word' id='word_1_50' title='bbox 402 551 566 583; x_wconf 88' lang='lat' dir='ltr'>uterinus</span> <span class='ocrx_word' id='word_1_51' title='bbox 583 555 618 582; x_wconf 90' lang='lat' dir='ltr'>et</span> <span class='ocrx_word' id='word_1_52' title='bbox 634 550 799 582; x_wconf 84' lang='lat' dir='ltr'>Friderici</span> <span class='ocrx_word' id='word_1_53' title='bbox 816 555 967 590; x_wconf 88' lang='lat' dir='ltr'>patruus</span> <span class='ocrx_word' id='word_1_54' title='bbox 984 550 1053 581; x_wconf 85' lang='lat' dir='ltr'>fuit</span> <span class='ocrx_word' id='word_1_55' title='bbox 1065 574 1072 588; x_wconf 91' lang='lat'>,</span> <span class='ocrx_word' id='word_1_56' title='bbox 1088 559 1129 581; x_wconf 83' lang='lat' dir='ltr'>ex</span> 
     </span>
     <span class='ocr_line' id='line_1_9' title="bbox 111 599 1130 640; baseline -0.001 -10"><span class='ocrx_word' id='word_1_57' title='bbox 111 603 210 640; x_wconf 82' lang='lat' dir='ltr'>patre</span> <span class='ocrx_word' id='word_1_58' title='bbox 235 600 429 632; x_wconf 81' lang='lat' dir='ltr'>clarissimo</span> <span class='ocrx_word' id='word_1_59' title='bbox 458 605 493 631; x_wconf 87' lang='lat' dir='ltr'>et</span> <span class='ocrx_word' id='word_1_60' title='bbox 520 600 576 640; x_wconf 91' lang='lat' dir='ltr'>pio</span> <span class='ocrx_word' id='word_1_61' title='bbox 603 600 759 640; x_wconf 85' lang='lat' dir='ltr'>principe</span> <span class='ocrx_word' id='word_1_62' title='bbox 785 600 958 639; x_wconf 75' lang='lat' dir='ltr'>Leopolclo</span> <span class='ocrx_word' id='word_1_63' title='bbox 980 599 1130 631; x_wconf 76' lang='lat' dir='ltr'>Austriae</span> 
     </span>
     <span class='ocr_line' id='line_1_10' title="bbox 108 648 994 690; baseline 0 -11"><span class='ocrx_word' id='word_1_64' title='bbox 108 648 329 687; x_wconf 79' lang='lat' dir='ltr'>marchione,</span> <span class='ocrx_word' id='word_1_65' title='bbox 347 654 381 680; x_wconf 90' lang='lat' dir='ltr'>et</span> <span class='ocrx_word' id='word_1_66' title='bbox 398 653 510 680; x_wconf 90' lang='lat' dir='ltr'>matre</span> <span class='ocrx_word' id='word_1_67' title='bbox 527 652 660 690; x_wconf 78' lang='lat' dir='ltr'>Agnete</span> <span class='ocrx_word' id='word_1_68' title='bbox 672 674 680 689; x_wconf 92' lang='lat'>,</span> <span class='ocrx_word' id='word_1_69' title='bbox 695 650 765 680; x_wconf 83' lang='lat' dir='ltr'>filia</span> <span class='ocrx_word' id='word_1_70' title='bbox 786 649 926 681; x_wconf 88' lang='lat' dir='ltr'>Henrici</span> <span class='ocrx_word' id='word_1_71' title='bbox 943 651 994 679; x_wconf 82' lang='lat' dir='ltr'>IV.</span> 
     </span>
    </p>

    <p class='ocr_par' dir='ltr' id='par_1_4' title="bbox 108 697 1131 1134">
     <span class='ocr_line' id='line_1_11' title="bbox 154 697 1130 739; baseline 0 -11"><span class='ocrx_word' id='word_1_72' title='bbox 154 701 244 731; x_wconf 85' lang='lat'>1127.</span> <span class='ocrx_word' id='word_1_73' title='bbox 265 700 336 729; x_wconf 88' lang='lat' dir='ltr'>Hoc</span> <span class='ocrx_word' id='word_1_74' title='bbox 351 698 493 729; x_wconf 84' lang='lat' dir='ltr'>circiter</span> <span class='ocrx_word' id='word_1_75' title='bbox 513 708 607 730; x_wconf 88' lang='lat' dir='ltr'>anno</span> <span class='ocrx_word' id='word_1_76' title='bbox 624 700 824 739; x_wconf 79' lang='lat' dir='ltr'>Stephanus</span> <span class='ocrx_word' id='word_1_77' title='bbox 837 723 845 737; x_wconf 91' lang='lat'>,</span> <span class='ocrx_word' id='word_1_78' title='bbox 864 708 902 730; x_wconf 82' lang='lat' dir='ltr'>ex</span> <span class='ocrx_word' id='word_1_79' title='bbox 919 697 1130 729; x_wconf 86' lang='lat' dir='ltr'>cancellario</span> 
     </span>
     <span class='ocr_line' id='line_1_12' title="bbox 108 746 1129 788; baseline -0.002 -9"><span class='ocrx_word' id='word_1_80' title='bbox 108 748 294 788; x_wconf 82' lang='lat' dir='ltr'>episcopus</span> <span class='ocrx_word' id='word_1_81' title='bbox 312 746 533 785; x_wconf 72' lang='lat' dir='ltr'>parisiensis,</span> <span class='ocrx_word' id='word_1_82' title='bbox 553 757 571 778; x_wconf 90' lang='lat' dir='ltr'>a</span> <span class='ocrx_word' id='word_1_83' title='bbox 596 748 704 779; x_wconf 83' lang='lat' dir='ltr'>curiae</span> <span class='ocrx_word' id='word_1_84' title='bbox 722 747 922 788; x_wconf 85' lang='lat' dir='ltr'>frequentia</span> <span class='ocrx_word' id='word_1_85' title='bbox 939 747 982 778; x_wconf 91' lang='lat' dir='ltr'>ad</span> <span class='ocrx_word' id='word_1_86' title='bbox 1007 746 1129 777; x_wconf 85' lang='lat' dir='ltr'>melio·</span> 
     </span>
     <span class='ocr_line' id='line_1_13' title="bbox 108 796 1129 838; baseline -0.001 -10"><span class='ocrx_word' id='word_1_87' title='bbox 108 807 182 829; x_wconf 92' lang='lat' dir='ltr'>rem</span> <span class='ocrx_word' id='word_1_88' title='bbox 197 798 337 838; x_wconf 85' lang='lat' dir='ltr'>frugem</span> <span class='ocrx_word' id='word_1_89' title='bbox 356 798 523 828; x_wconf 88' lang='lat' dir='ltr'>Bernardi</span> <span class='ocrx_word' id='word_1_90' title='bbox 547 799 692 830; x_wconf 89' lang='lat' dir='ltr'>monitis</span> <span class='ocrx_word' id='word_1_91' title='bbox 713 802 899 829; x_wconf 71' lang='lat' dir='ltr'>revocatus</span> <span class='ocrx_word' id='word_1_92' title='bbox 913 821 922 835; x_wconf 88' lang='lat'>‚</span> <span class='ocrx_word' id='word_1_93' title='bbox 941 796 1097 837; x_wconf 67' lang='lat' dir='ltr'>graviter</span> <span class='ocrx_word' id='word_1_94' title='bbox 1111 806 1129 827; x_wconf 89' lang='grc'>3</span> 
     </span>
     <span class='ocr_line' id='line_1_14' title="bbox 108 845 1131 888; baseline 0 -12"><span class='ocrx_word' id='word_1_95' title='bbox 108 845 284 877; x_wconf 80' lang='lat' dir='ltr'>Ludovico</span> <span class='ocrx_word' id='word_1_96' title='bbox 307 855 389 887; x_wconf 85' lang='lat' dir='ltr'>rege</span> <span class='ocrx_word' id='word_1_97' title='bbox 411 847 636 888; x_wconf 74' lang='lat' dir='ltr'>exagitatur,</span> <span class='ocrx_word' id='word_1_98' title='bbox 660 847 874 887; x_wconf 79' lang='lat' dir='ltr'>tandemque</span> <span class='ocrx_word' id='word_1_99' title='bbox 898 851 978 886; x_wconf 92' lang='lat' dir='ltr'>post</span> <span class='ocrx_word' id='word_1_100' title='bbox 1002 846 1131 877; x_wconf 85' lang='lat' dir='ltr'>multas</span> 
     </span>
     <span class='ocr_line' id='line_1_15' title="bbox 109 895 1131 935; baseline -0.001 -8"><span class='ocrx_word' id='word_1_101' title='bbox 109 895 364 934; x_wconf 82' lang='lat' dir='ltr'>infestationes,</span> <span class='ocrx_word' id='word_1_102' title='bbox 379 896 663 928; x_wconf 82' lang='lat' dir='ltr'>Cisterciensium</span> <span class='ocrx_word' id='word_1_103' title='bbox 678 921 687 935; x_wconf 90' lang='lat'>,</span> <span class='ocrx_word' id='word_1_104' title='bbox 699 897 849 928; x_wconf 76' lang='lat' dir='ltr'>maxime</span> <span class='ocrx_word' id='word_1_105' title='bbox 866 906 947 927; x_wconf 68' lang='lat' dir='ltr'>vero</span> <span class='ocrx_word' id='word_1_106' title='bbox 961 895 1131 927; x_wconf 88' lang='lat' dir='ltr'>Bernardi</span> 
     </span>
     <span class='ocr_line' id='line_1_16' title="bbox 109 945 1130 986; baseline -0.001 -10"><span class='ocrx_word' id='word_1_107' title='bbox 109 954 214 985; x_wconf 89' lang='lat' dir='ltr'>opera</span> <span class='ocrx_word' id='word_1_108' title='bbox 239 945 276 976; x_wconf 89' lang='lat' dir='ltr'>in</span> <span class='ocrx_word' id='word_1_109' title='bbox 299 945 451 986; x_wconf 81' lang='lat' dir='ltr'>gratiam</span> <span class='ocrx_word' id='word_1_110' title='bbox 473 946 690 977; x_wconf 85' lang='lat' dir='ltr'>restituitur.</span> <span class='ocrx_word' id='word_1_111' title='bbox 718 946 819 986; x_wconf 90' lang='lat' dir='ltr'>Quod</span> <span class='ocrx_word' id='word_1_112' title='bbox 836 946 941 977; x_wconf 89' lang='lat' dir='ltr'>etiam</span> <span class='ocrx_word' id='word_1_113' title='bbox 959 945 1130 976; x_wconf 82' lang='lat' dir='ltr'>chricus</span> 
     </span>
     <span class='ocr_line' id='line_1_17' title="bbox 108 994 1131 1035; baseline 0 -10"><span class='ocrx_word' id='word_1_114' title='bbox 108 994 318 1026; x_wconf 82' lang='lat' dir='ltr'>senonensis</span> <span class='ocrx_word' id='word_1_115' title='bbox 346 994 576 1035; x_wconf 63' lang='lat' dir='ltr'>archipraesul</span> <span class='ocrx_word' id='word_1_116' title='bbox 602 1005 675 1026; x_wconf 89' lang='lat' dir='ltr'>non</span> <span class='ocrx_word' id='word_1_117' title='bbox 698 997 812 1026; x_wconf 88' lang='lat' dir='ltr'>multo</span> <span class='ocrx_word' id='word_1_118' title='bbox 835 999 914 1035; x_wconf 89' lang='lat' dir='ltr'>post</span> <span class='ocrx_word' id='word_1_119' title='bbox 939 995 1131 1034; x_wconf 86' lang='lat' dir='ltr'>eademque</span> 
     </span>
     <span class='ocr_line' id='line_1_18' title="bbox 109 1043 1129 1084; baseline -0.002 -9"><span class='ocrx_word' id='word_1_120' title='bbox 109 1043 152 1075; x_wconf 90' lang='lat' dir='ltr'>de</span> <span class='ocrx_word' id='word_1_121' title='bbox 180 1053 288 1075; x_wconf 87' lang='lat' dir='ltr'>causa</span> <span class='ocrx_word' id='word_1_122' title='bbox 315 1049 500 1084; x_wconf 81' lang='lat' dir='ltr'>expertus,</span> <span class='ocrx_word' id='word_1_123' title='bbox 519 1045 681 1076; x_wconf 89' lang='lat' dir='ltr'>eumdem</span> <span class='ocrx_word' id='word_1_124' title='bbox 709 1045 837 1075; x_wconf 85' lang='lat' dir='ltr'>habuit</span> <span class='ocrx_word' id='word_1_125' title='bbox 867 1053 982 1075; x_wconf 84' lang='lat' dir='ltr'>causae</span> <span class='ocrx_word' id='word_1_126' title='bbox 1007 1047 1129 1083; x_wconf 84' lang='lat' dir='ltr'>patro-</span> 
     </span>
     <span class='ocr_line' id='line_1_19' title="bbox 110 1093 1114 1134; baseline 0 -11"><span class='ocrx_word' id='word_1_127' title='bbox 110 1102 197 1124; x_wconf 90' lang='lat' dir='ltr'>num</span> <span class='ocrx_word' id='word_1_128' title='bbox 214 1103 254 1125; x_wconf 87' lang='grc'>30</span> <span class='ocrx_word' id='word_1_129' title='bbox 271 1093 504 1125; x_wconf 85' lang='lat' dir='ltr'>defensorem.</span> <span class='ocrx_word' id='word_1_130' title='bbox 522 1095 672 1127; x_wconf 88' lang='lat' dir='ltr'>Consule</span> <span class='ocrx_word' id='word_1_131' title='bbox 688 1093 872 1134; x_wconf 85' lang='lat' dir='ltr'>epistolam</span> <span class='ocrx_word' id='word_1_132' title='bbox 890 1096 928 1125; x_wconf 80' lang='grc'>45</span> <span class='ocrx_word' id='word_1_133' title='bbox 947 1097 981 1124; x_wconf 88' lang='grc'>01</span> <span class='ocrx_word' id='word_1_134' title='bbox 996 1094 1114 1124; x_wconf 75' lang='lat' dir='ltr'>Notas.</span> 
     </span>
    </p>

    <p class='ocr_par' dir='ltr' id='par_1_5' title="bbox 107 1141 1134 1717">
     <span class='ocr_line' id='line_1_20' title="bbox 151 1141 1130 1182; baseline 0 -10"><span class='ocrx_word' id='word_1_135' title='bbox 151 1141 337 1173; x_wconf 86' lang='lat' dir='ltr'>Fundatur</span> <span class='ocrx_word' id='word_1_136' title='bbox 369 1142 552 1182; x_wconf 76' lang='lat' dir='ltr'>Igniacum</span> <span class='ocrx_word' id='word_1_137' title='bbox 565 1167 574 1181; x_wconf 90' lang='lat'>,</span> <span class='ocrx_word' id='word_1_138' title='bbox 613 1147 740 1182; x_wconf 86' lang='lat' dir='ltr'>quarta</span> <span class='ocrx_word' id='word_1_139' title='bbox 772 1142 1009 1174; x_wconf 59' lang='lat' dir='ltr'>Clarae-Vallis</span> <span class='ocrx_word' id='word_1_140' title='bbox 1038 1142 1108 1173; x_wconf 86' lang='lat' dir='ltr'>filia</span> <span class='ocrx_word' id='word_1_141' title='bbox 1121 1165 1130 1180; x_wconf 90' lang='lat'>,</span> 
     </span>
     <span class='ocr_line' id='line_1_21' title="bbox 109 1190 1131 1230; baseline 0 -9"><span class='ocrx_word' id='word_1_142' title='bbox 109 1190 269 1223; x_wconf 86' lang='lat' dir='ltr'>dioecesis</span> <span class='ocrx_word' id='word_1_143' title='bbox 297 1192 492 1230; x_wconf 87' lang='lat' dir='ltr'>Remensis,</span> <span class='ocrx_word' id='word_1_144' title='bbox 513 1202 530 1222; x_wconf 83' lang='lat' dir='ltr'>a</span> <span class='ocrx_word' id='word_1_145' title='bbox 556 1193 725 1223; x_wconf 82' lang='lat' dir='ltr'>Rainaldo</span> <span class='ocrx_word' id='word_1_146' title='bbox 754 1193 796 1223; x_wconf 81' lang='lat' dir='ltr'>‹le</span> <span class='ocrx_word' id='word_1_147' title='bbox 815 1192 928 1223; x_wconf 86' lang='lat' dir='ltr'>Pratis</span> <span class='ocrx_word' id='word_1_148' title='bbox 946 1194 1131 1222; x_wconf 79' lang='lat' dir='ltr'>Remorum</span> 
     </span>
     <span class='ocr_line' id='line_1_22' title="bbox 109 1241 1134 1282; baseline -0.002 -10"><span class='ocrx_word' id='word_1_149' title='bbox 109 1241 386 1282; x_wconf 74' lang='lat' dir='ltr'>archiepiscopo.</span> <span class='ocrx_word' id='word_1_150' title='bbox 415 1242 552 1273; x_wconf 83' lang='lat' dir='ltr'>Primus</span> <span class='ocrx_word' id='word_1_151' title='bbox 578 1243 688 1273; x_wconf 84' lang='lat' dir='ltr'>abbas</span> <span class='ocrx_word' id='word_1_152' title='bbox 712 1242 928 1273; x_wconf 88' lang='lat' dir='ltr'>Humbertus</span> <span class='ocrx_word' id='word_1_153' title='bbox 942 1266 949 1277; x_wconf 90' lang='lat'>,</span> <span class='ocrx_word' id='word_1_154' title='bbox 967 1251 1008 1272; x_wconf 79' lang='lat' dir='ltr'>ex</span> <span class='ocrx_word' id='word_1_155' title='bbox 1026 1242 1134 1271; x_wconf 62' lang='grc'><strong>03531-</strong></span> 
     </span>
     <span class='ocr_line' id='line_1_23' title="bbox 109 1289 1133 1330; baseline -0.002 -9"><span class='ocrx_word' id='word_1_156' title='bbox 109 1289 169 1321; x_wconf 90' lang='lat' dir='ltr'>Dei</span> <span class='ocrx_word' id='word_1_157' title='bbox 186 1291 361 1321; x_wconf 91' lang='lat' dir='ltr'>monacho</span> <span class='ocrx_word' id='word_1_158' title='bbox 381 1291 682 1322; x_wconf 66' lang='lat' dir='ltr'>Clarae-vallensis</span> <span class='ocrx_word' id='word_1_159' title='bbox 699 1292 817 1321; x_wconf 85' lang='lat' dir='ltr'>faetus</span> <span class='ocrx_word' id='word_1_160' title='bbox 829 1314 837 1328; x_wconf 90' lang='lat'>,</span> <span class='ocrx_word' id='word_1_161' title='bbox 855 1290 915 1330; x_wconf 85' lang='lat' dir='ltr'>qui</span> <span class='ocrx_word' id='word_1_162' title='bbox 932 1299 1004 1320; x_wconf 90' lang='grc'><strong>1100</strong></span> <span class='ocrx_word' id='word_1_163' title='bbox 1019 1291 1133 1319; x_wconf 91' lang='lat' dir='ltr'>multo</span> 
     </span>
     <span class='ocr_line' id='line_1_24' title="bbox 109 1338 1134 1380; baseline -0.002 -10"><span class='ocrx_word' id='word_1_164' title='bbox 109 1344 189 1379; x_wconf 88' lang='lat' dir='ltr'>post</span> <span class='ocrx_word' id='word_1_165' title='bbox 207 1349 324 1371; x_wconf 89' lang='lat' dir='ltr'>amore</span> <span class='ocrx_word' id='word_1_166' title='bbox 339 1339 483 1379; x_wconf 87' lang='lat' dir='ltr'>quietis,</span> <span class='ocrx_word' id='word_1_167' title='bbox 501 1340 641 1371; x_wconf 83' lang='lat' dir='ltr'>dimissa</span> <span class='ocrx_word' id='word_1_168' title='bbox 660 1341 890 1380; x_wconf 81' lang='lat' dir='ltr'>praefectura‚</span> <span class='ocrx_word' id='word_1_169' title='bbox 908 1338 1134 1370; x_wconf 82' lang='lat' dir='ltr'>Claram-Val-</span> 
     </span>
     <span class='ocr_line' id='line_1_25' title="bbox 107 1388 1131 1428; baseline -0.002 -9"><span class='ocrx_word' id='word_1_170' title='bbox 107 1389 176 1419; x_wconf 90' lang='lat' dir='ltr'>lem</span> <span class='ocrx_word' id='word_1_171' title='bbox 192 1388 316 1427; x_wconf 89' lang='lat' dir='ltr'>rediit;</span> <span class='ocrx_word' id='word_1_172' title='bbox 331 1398 401 1428; x_wconf 91' lang='lat' dir='ltr'>qua</span> <span class='ocrx_word' id='word_1_173' title='bbox 420 1389 463 1420; x_wconf 89' lang='lat' dir='ltr'>de</span> <span class='ocrx_word' id='word_1_174' title='bbox 480 1398 517 1420; x_wconf 92' lang='lat' dir='ltr'>re</span> <span class='ocrx_word' id='word_1_175' title='bbox 538 1399 556 1420; x_wconf 87' lang='lat' dir='ltr'>a</span> <span class='ocrx_word' id='word_1_176' title='bbox 574 1389 754 1421; x_wconf 87' lang='lat' dir='ltr'>Bernardo</span> <span class='ocrx_word' id='word_1_177' title='bbox 777 1390 812 1419; x_wconf 89' lang='lat' dir='ltr'>in</span> <span class='ocrx_word' id='word_1_178' title='bbox 830 1388 926 1419; x_wconf 88' lang='lat' dir='ltr'>ltalia</span> <span class='ocrx_word' id='word_1_179' title='bbox 942 1392 1030 1419; x_wconf 84' lang='grc'><strong>11100</strong></span> <span class='ocrx_word' id='word_1_180' title='bbox 1048 1396 1131 1427; x_wconf 89' lang='lat' dir='ltr'>pro-</span> 
     </span>
     <span class='ocr_line' id='line_1_26' title="bbox 111 1437 1130 1478; baseline -0.001 -10"><span class='ocrx_word' id='word_1_181' title='bbox 111 1441 190 1477; x_wconf 86' lang='lat' dir='ltr'>pter</span> <span class='ocrx_word' id='word_1_182' title='bbox 220 1438 371 1469; x_wconf 88' lang='lat' dir='ltr'>schisma</span> <span class='ocrx_word' id='word_1_183' title='bbox 397 1438 541 1470; x_wconf 86' lang='lat' dir='ltr'>detento</span> <span class='ocrx_word' id='word_1_184' title='bbox 560 1439 690 1470; x_wconf 90' lang='lat' dir='ltr'>acriter</span> <span class='ocrx_word' id='word_1_185' title='bbox 710 1442 897 1478; x_wconf 81' lang='lat' dir='ltr'>correptus</span> <span class='ocrx_word' id='word_1_186' title='bbox 921 1437 1024 1478; x_wconf 82' lang='lat' dir='ltr'>epist.</span> <span class='ocrx_word' id='word_1_187' title='bbox 1050 1440 1130 1476; x_wconf 73' lang='lat'>141,</span> 
     </span>
     <span class='ocr_line' id='line_1_27' title="bbox 107 1485 1131 1528; baseline 0 -12"><span class='ocrx_word' id='word_1_188' title='bbox 107 1485 340 1518; x_wconf 85' lang='lat' dir='ltr'>nihilominus</span> <span class='ocrx_word' id='word_1_189' title='bbox 368 1487 437 1518; x_wconf 91' lang='grc'><strong>1100</strong></span> <span class='ocrx_word' id='word_1_190' title='bbox 466 1487 503 1518; x_wconf 87' lang='grc'>10</span> <span class='ocrx_word' id='word_1_191' title='bbox 531 1492 656 1519; x_wconf 89' lang='lat' dir='ltr'>sancto</span> <span class='ocrx_word' id='word_1_192' title='bbox 687 1488 759 1519; x_wconf 91' lang='lat' dir='ltr'>otio</span> <span class='ocrx_word' id='word_1_193' title='bbox 786 1487 943 1528; x_wconf 84' lang='lat' dir='ltr'>perstitit</span> <span class='ocrx_word' id='word_1_194' title='bbox 968 1486 1012 1517; x_wconf 89' lang='lat' dir='ltr'>ad</span> <span class='ocrx_word' id='word_1_195' title='bbox 1038 1486 1131 1517; x_wconf 88' lang='lat' dir='ltr'>diem</span> 
     </span>
     <span class='ocr_line' id='line_1_28' title="bbox 108 1535 1130 1576; baseline 0 -10"><span class='ocrx_word' id='word_1_196' title='bbox 108 1544 221 1575; x_wconf 83' lang='lat' dir='ltr'>usque</span> <span class='ocrx_word' id='word_1_197' title='bbox 242 1536 386 1575; x_wconf 84' lang='lat' dir='ltr'>mortis,</span> <span class='ocrx_word' id='word_1_198' title='bbox 404 1536 441 1567; x_wconf 91' lang='lat' dir='ltr'>in</span> <span class='ocrx_word' id='word_1_199' title='bbox 464 1546 536 1576; x_wconf 83' lang='lat' dir='ltr'>quo</span> <span class='ocrx_word' id='word_1_200' title='bbox 556 1539 587 1568; x_wconf 90' lang='lat' dir='ltr'>S.</span> <span class='ocrx_word' id='word_1_201' title='bbox 607 1536 809 1568; x_wconf 85' lang='lat' dir='ltr'>Bernardus</span> <span class='ocrx_word' id='word_1_202' title='bbox 832 1536 875 1568; x_wconf 89' lang='lat' dir='ltr'>de</span> <span class='ocrx_word' id='word_1_203' title='bbox 898 1535 1034 1567; x_wconf 77' lang='lat' dir='ltr'>eximiis</span> <span class='ocrx_word' id='word_1_204' title='bbox 1054 1537 1130 1575; x_wconf 92' lang='lat' dir='ltr'>ejus</span> 
     </span>
     <span class='ocr_line' id='line_1_29' title="bbox 109 1585 1128 1618; baseline -0.001 -2"><span class='ocrx_word' id='word_1_205' title='bbox 109 1585 303 1617; x_wconf 73' lang='lat' dir='ltr'>virtutibus</span> <span class='ocrx_word' id='word_1_206' title='bbox 318 1595 513 1617; x_wconf 89' lang='lat' dir='ltr'>sermonem</span> <span class='ocrx_word' id='word_1_207' title='bbox 531 1587 671 1618; x_wconf 87' lang='lat' dir='ltr'>habuit.</span> <span class='ocrx_word' id='word_1_208' title='bbox 688 1586 804 1617; x_wconf 84' lang='lat' dir='ltr'>Abbas</span> <span class='ocrx_word' id='word_1_209' title='bbox 821 1586 1001 1618; x_wconf 89' lang='lat' dir='ltr'>secundus</span> <span class='ocrx_word' id='word_1_210' title='bbox 1017 1587 1128 1616; x_wconf 86' lang='lat' dir='ltr'>Guer-</span> 
     </span>
     <span class='ocr_line' id='line_1_30' title="bbox 108 1634 1131 1676; baseline 0.002 -11"><span class='ocrx_word' id='word_1_211' title='bbox 108 1634 203 1666; x_wconf 90' lang='lat' dir='ltr'>ricus</span> <span class='ocrx_word' id='word_1_212' title='bbox 219 1634 350 1675; x_wconf 90' lang='lat' dir='ltr'>pietate</span> <span class='ocrx_word' id='word_1_213' title='bbox 361 1637 464 1675; x_wconf 82' lang='lat' dir='ltr'>juxta</span> <span class='ocrx_word' id='word_1_214' title='bbox 479 1646 519 1667; x_wconf 83' lang='grc'>30</span> <span class='ocrx_word' id='word_1_215' title='bbox 534 1636 676 1676; x_wconf 86' lang='lat' dir='ltr'>scriptis</span> <span class='ocrx_word' id='word_1_216' title='bbox 690 1635 903 1676; x_wconf 82' lang='lat' dir='ltr'>percelebris</span> <span class='ocrx_word' id='word_1_217' title='bbox 916 1659 924 1675; x_wconf 91' lang='lat'>,</span> <span class='ocrx_word' id='word_1_218' title='bbox 940 1636 1043 1674; x_wconf 75' lang='lat' dir='ltr'>qu’us</span> <span class='ocrx_word' id='word_1_219' title='bbox 1061 1645 1131 1667; x_wconf 82' lang='lat' dir='ltr'>ser-</span> 
     </span>
     <span class='ocr_line' id='line_1_31' title="bbox 107 1684 596 1717; baseline 0.004 -2"><span class='ocrx_word' id='word_1_220' title='bbox 107 1693 229 1716; x_wconf 89' lang='lat' dir='ltr'>mones</span> <span class='ocrx_word' id='word_1_221' title='bbox 242 1684 302 1716; x_wconf 91' lang='lat' dir='ltr'>hic</span> <span class='ocrx_word' id='word_1_222' title='bbox 319 1684 355 1716; x_wconf 90' lang='lat' dir='ltr'>in</span> <span class='ocrx_word' id='word_1_223' title='bbox 371 1689 470 1716; x_wconf 90' lang='lat' dir='ltr'>tomo</span> <span class='ocrx_word' id='word_1_224' title='bbox 484 1690 596 1717; x_wconf 78' lang='lat' dir='ltr'>sexto.</span> 
     </span>
    </p>

    <p class='ocr_par' dir='ltr' id='par_1_6' title="bbox 72 1734 1132 2121">
     <span class='ocr_line' id='line_1_32' title="bbox 150 1734 1130 1773; baseline 0.002 -8"><span class='ocrx_word' id='word_1_225' title='bbox 150 1736 242 1766; x_wconf 91' lang='grc'><strong>1128.</strong></span> <span class='ocrx_word' id='word_1_226' title='bbox 272 1734 468 1766; x_wconf 84' lang='lat' dir='ltr'>Concilium</span> <span class='ocrx_word' id='word_1_227' title='bbox 498 1738 668 1767; x_wconf 89' lang='lat' dir='ltr'>Trecense</span> <span class='ocrx_word' id='word_1_228' title='bbox 697 1735 899 1767; x_wconf 85' lang='lat' dir='ltr'>celebratur</span> <span class='ocrx_word' id='word_1_229' title='bbox 923 1735 934 1773; x_wconf 63' lang='grc' dir='ltr'>ζ</span> <span class='ocrx_word' id='word_1_230' title='bbox 948 1744 1021 1766; x_wconf 91' lang='grc'>000</span> <span class='ocrx_word' id='word_1_231' title='bbox 1050 1745 1130 1767; x_wconf 78' lang='lat' dir='ltr'>vero</span> 
     </span>
     <span class='ocr_line' id='line_1_33' title="bbox 109 1784 1129 1826; baseline 0.004 -13"><span class='ocrx_word' id='word_1_232' title='bbox 109 1792 202 1814; x_wconf 84' lang='lat' dir='ltr'>anno</span> <span class='ocrx_word' id='word_1_233' title='bbox 222 1785 300 1816; x_wconf 87' lang='grc'><strong>1127</strong></span> <span class='ocrx_word' id='word_1_234' title='bbox 313 1807 321 1822; x_wconf 90' lang='grc'>,</span> <span class='ocrx_word' id='word_1_235' title='bbox 338 1787 426 1815; x_wconf 85' lang='grc'><strong>10510</strong></span> <span class='ocrx_word' id='word_1_236' title='bbox 445 1784 667 1817; x_wconf 84' lang='lat' dir='ltr'>Michaelensi</span> <span class='ocrx_word' id='word_1_237' title='bbox 692 1785 809 1816; x_wconf 89' lang='lat' dir='ltr'>scriba</span> <span class='ocrx_word' id='word_1_238' title='bbox 836 1785 1001 1826; x_wconf 69' lang='lat' dir='ltr'>concilii)</span> <span class='ocrx_word' id='word_1_239' title='bbox 1019 1785 1055 1816; x_wconf 88' lang='lat' dir='ltr'>in</span> <span class='ocrx_word' id='word_1_240' title='bbox 1073 1795 1129 1817; x_wconf 89' lang='lat' dir='ltr'>so·</span> 
     </span>
     <span class='ocr_line' id='line_1_34' title="bbox 108 1832 1128 1874; baseline 0.003 -11"><span class='ocrx_word' id='word_1_241' title='bbox 108 1832 290 1864; x_wconf 86' lang='lat' dir='ltr'>lemnitate</span> <span class='ocrx_word' id='word_1_242' title='bbox 306 1835 340 1872; x_wconf 74' lang='lat' dir='ltr'>S.v</span> <span class='ocrx_word' id='word_1_243' title='bbox 357 1833 490 1872; x_wconf 87' lang='lat' dir='ltr'>Hilarii,</span> <span class='ocrx_word' id='word_1_244' title='bbox 509 1834 722 1874; x_wconf 79' lang='lat' dir='ltr'>praesidente</span> <span class='ocrx_word' id='word_1_245' title='bbox 740 1835 906 1865; x_wconf 78' lang='lat' dir='ltr'>Matthaeo</span> <span class='ocrx_word' id='word_1_246' title='bbox 921 1834 1128 1874; x_wconf 80' lang='lat' dir='ltr'>Albanensi,</span> 
     </span>
     <span class='ocr_line' id='line_1_35' title="bbox 109 1883 1128 1924; baseline 0.001 -11"><span class='ocrx_word' id='word_1_247' title='bbox 109 1883 308 1922; x_wconf 85' lang='lat' dir='ltr'>apostolicae</span> <span class='ocrx_word' id='word_1_248' title='bbox 329 1883 426 1915; x_wconf 86' lang='lat' dir='ltr'>Sedis</span> <span class='ocrx_word' id='word_1_249' title='bbox 446 1884 565 1924; x_wconf 81' lang='lat' dir='ltr'>legato</span> <span class='ocrx_word' id='word_1_250' title='bbox 593 1894 600 1914; x_wconf 91' lang='lat'>:</span> <span class='ocrx_word' id='word_1_251' title='bbox 631 1884 733 1924; x_wconf 89' lang='lat' dir='ltr'>eique</span> <span class='ocrx_word' id='word_1_252' title='bbox 762 1884 958 1915; x_wconf 84' lang='lat' dir='ltr'>interfuere</span> <span class='ocrx_word' id='word_1_253' title='bbox 980 1884 1128 1924; x_wconf 88' lang='lat' dir='ltr'>Stepha-</span> 
     </span>
     <span class='ocr_line' id='line_1_36' title="bbox 107 1933 1130 1973; baseline 0 -9"><span class='ocrx_word' id='word_1_254' title='bbox 107 1941 176 1964; x_wconf 88' lang='lat' dir='ltr'>nus</span> <span class='ocrx_word' id='word_1_255' title='bbox 193 1933 446 1973; x_wconf 87' lang='lat' dir='ltr'>Cisterciensis,</span> <span class='ocrx_word' id='word_1_256' title='bbox 457 1934 659 1965; x_wconf 86' lang='lat' dir='ltr'>Bernardus</span> <span class='ocrx_word' id='word_1_257' title='bbox 674 1933 985 1971; x_wconf 59' lang='lat' dir='ltr'>Clarae—vallensis,</span> <span class='ocrx_word' id='word_1_258' title='bbox 1001 1933 1130 1973; x_wconf 87' lang='lat' dir='ltr'>aliique</span> 
     </span>
     <span class='ocr_line' id='line_1_37' title="bbox 107 1982 1131 2024; baseline -0.001 -10"><span class='ocrx_word' id='word_1_259' title='bbox 107 1982 265 2021; x_wconf 87' lang='lat' dir='ltr'>ejusdem</span> <span class='ocrx_word' id='word_1_260' title='bbox 282 1983 424 2015; x_wconf 90' lang='lat' dir='ltr'>Ordinis</span> <span class='ocrx_word' id='word_1_261' title='bbox 450 1983 609 2015; x_wconf 85' lang='lat' dir='ltr'>abbates.</span> <span class='ocrx_word' id='word_1_262' title='bbox 628 1985 666 2014; x_wconf 91' lang='lat' dir='ltr'>In</span> <span class='ocrx_word' id='word_1_263' title='bbox 684 1983 759 2024; x_wconf 88' lang='lat' dir='ltr'>ipso</span> <span class='ocrx_word' id='word_1_264' title='bbox 786 1985 904 2014; x_wconf 87' lang='lat' dir='ltr'>Patres</span> <span class='ocrx_word' id='word_1_265' title='bbox 926 1982 1131 2022; x_wconf 88' lang='lat' dir='ltr'>Templariis</span> 
     </span>
     <span class='ocr_line' id='line_1_38' title="bbox 72 2031 1132 2074; baseline -0.001 -12"><span class='ocrx_word' id='word_1_266' title='bbox 72 2070 83 2074; x_wconf 27' lang='grc' dir='ltr'>δ</span> <span class='ocrx_word' id='word_1_267' title='bbox 108 2032 278 2072; x_wconf 84' lang='lat' dir='ltr'>Regulam</span> <span class='ocrx_word' id='word_1_268' title='bbox 304 2037 487 2072; x_wconf 73' lang='lat' dir='ltr'>vestesque</span> <span class='ocrx_word' id='word_1_269' title='bbox 515 2032 684 2064; x_wconf 85' lang='lat' dir='ltr'>candidas</span> <span class='ocrx_word' id='word_1_270' title='bbox 710 2032 872 2072; x_wconf 88' lang='lat' dir='ltr'>(quibus</span> <span class='ocrx_word' id='word_1_271' title='bbox 895 2031 1075 2072; x_wconf 69' lang='lat' dir='ltr'>Eugenius</span> <span class='ocrx_word' id='word_1_272' title='bbox 1095 2033 1132 2061; x_wconf 89' lang='lat' dir='ltr'>lll</span> 
     </span>
     <span class='ocr_line' id='line_1_39' title="bbox 109 2081 1130 2121; baseline 0 -10"><span class='ocrx_word' id='word_1_273' title='bbox 109 2084 230 2120; x_wconf 87' lang='lat' dir='ltr'>postea</span> <span class='ocrx_word' id='word_1_274' title='bbox 244 2081 391 2112; x_wconf 84' lang='lat' dir='ltr'>rubeam</span> <span class='ocrx_word' id='word_1_275' title='bbox 408 2091 549 2113; x_wconf 89' lang='lat' dir='ltr'>crucem</span> <span class='ocrx_word' id='word_1_276' title='bbox 567 2081 676 2112; x_wconf 79' lang='lat' dir='ltr'>attexi</span> <span class='ocrx_word' id='word_1_277' title='bbox 693 2081 832 2112; x_wconf 71' lang='lat' dir='ltr'>curavit</span> <span class='ocrx_word' id='word_1_278' title='bbox 846 2083 855 2121; x_wconf 57' lang='lat'>1</span> <span class='ocrx_word' id='word_1_279' title='bbox 872 2081 1130 2121; x_wconf 84' lang='lat' dir='ltr'>praescripserc.</span> 
     </span>
    </p>

    <p class='ocr_par' dir='ltr' id='par_1_7' title="bbox 151 2130 1129 2171">
     <span class='ocr_line' id='line_1_40' title="bbox 151 2130 1129 2171; baseline 0 -10"><span class='ocrx_word' id='word_1_280' title='bbox 151 2130 335 2161; x_wconf 87' lang='lat' dir='ltr'>Fundatur</span> <span class='ocrx_word' id='word_1_281' title='bbox 358 2130 593 2171; x_wconf 82' lang='lat' dir='ltr'>Regniacum,</span> <span class='ocrx_word' id='word_1_282' title='bbox 611 2130 646 2160; x_wconf 87' lang='lat' dir='ltr'>in</span> <span class='ocrx_word' id='word_1_283' title='bbox 662 2130 802 2161; x_wconf 82' lang='lat' dir='ltr'>dioecesi</span> <span class='ocrx_word' id='word_1_284' title='bbox 818 2130 1129 2161; x_wconf 79' lang='lat' dir='ltr'>Autissiodorensi.</span> 
     </span>
    </p>

    <p class='ocr_par' dir='ltr' id='par_1_8' title="bbox 108 2179 1132 2516">
     <span class='ocr_line' id='line_1_41' title="bbox 153 2179 1132 2217; baseline -0.001 -7"><span class='ocrx_word' id='word_1_285' title='bbox 153 2183 243 2211; x_wconf 87' lang='grc'><strong>1129.</strong></span> <span class='ocrx_word' id='word_1_286' title='bbox 275 2180 461 2211; x_wconf 84' lang='lat' dir='ltr'>Matthaeus</span> <span class='ocrx_word' id='word_1_287' title='bbox 488 2179 695 2210; x_wconf 83' lang='lat' dir='ltr'>Albanensis</span> <span class='ocrx_word' id='word_1_288' title='bbox 718 2180 847 2217; x_wconf 76' lang='lat' dir='ltr'>(verba</span> <span class='ocrx_word' id='word_1_289' title='bbox 871 2184 956 2210; x_wconf 90' lang='grc'><strong>5001</strong></span> <span class='ocrx_word' id='word_1_290' title='bbox 982 2179 1132 2210; x_wconf 82' lang='lat' dir='ltr'>Alberici</span> 
     </span>
     <span class='ocr_line' id='line_1_42' title="bbox 108 2228 1130 2269; baseline -0.001 -9"><span class='ocrx_word' id='word_1_291' title='bbox 108 2229 144 2260; x_wconf 93' lang='lat' dir='ltr'>in</span> <span class='ocrx_word' id='word_1_292' title='bbox 161 2229 349 2269; x_wconf 87' lang='lat' dir='ltr'>Chronico)</span> <span class='ocrx_word' id='word_1_293' title='bbox 368 2229 520 2268; x_wconf 67' lang='lat' dir='ltr'>legatus,</span> <span class='ocrx_word' id='word_1_294' title='bbox 536 2238 577 2260; x_wconf 81' lang='lat' dir='ltr'>ex</span> <span class='ocrx_word' id='word_1_295' title='bbox 595 2229 726 2260; x_wconf 86' lang='lat' dir='ltr'>Ordine</span> <span class='ocrx_word' id='word_1_296' title='bbox 748 2228 968 2261; x_wconf 81' lang='lat' dir='ltr'>Cluniacensi</span> <span class='ocrx_word' id='word_1_297' title='bbox 982 2252 990 2267; x_wconf 88' lang='lat'>,</span> <span class='ocrx_word' id='word_1_298' title='bbox 1010 2229 1130 2259; x_wconf 92' lang='lat' dir='ltr'>conci-</span> 
     </span>
     <span class='ocr_line' id='line_1_43' title="bbox 108 2278 1131 2319; baseline -0.001 -9"><span class='ocrx_word' id='word_1_299' title='bbox 108 2279 197 2310; x_wconf 89' lang='lat' dir='ltr'>lium</span> <span class='ocrx_word' id='word_1_300' title='bbox 214 2278 330 2310; x_wconf 90' lang='lat' dir='ltr'>tenuit</span> <span class='ocrx_word' id='word_1_301' title='bbox 346 2278 441 2319; x_wconf 90' lang='lat' dir='ltr'>apud</span> <span class='ocrx_word' id='word_1_302' title='bbox 458 2280 691 2310; x_wconf 77' lang='lat' dir='ltr'>catalaunum</span> <span class='ocrx_word' id='word_1_303' title='bbox 707 2279 741 2309; x_wconf 95' lang='lat' dir='ltr'>in</span> <span class='ocrx_word' id='word_1_304' title='bbox 758 2278 1005 2309; x_wconf 83' lang='lat' dir='ltr'>Purificatione</span> <span class='ocrx_word' id='word_1_305' title='bbox 1019 2279 1131 2309; x_wconf 79' lang='lat' dir='ltr'>heatae</span> 
     </span>
     <span class='ocr_line' id='line_1_44' title="bbox 110 2327 1130 2368; baseline -0.001 -10"><span class='ocrx_word' id='word_1_306' title='bbox 110 2328 225 2359; x_wconf 80' lang='lat' dir='ltr'>Mariae</span> <span class='ocrx_word' id='word_1_307' title='bbox 238 2327 393 2368; x_wconf 73' lang='lat' dir='ltr'>Virginis</span> <span class='ocrx_word' id='word_1_308' title='bbox 409 2338 416 2358; x_wconf 91' lang='lat'>:</span> <span class='ocrx_word' id='word_1_309' title='bbox 435 2328 495 2359; x_wconf 92' lang='lat' dir='ltr'>ubi</span> <span class='ocrx_word' id='word_1_310' title='bbox 510 2328 552 2359; x_wconf 91' lang='lat' dir='ltr'>de</span> <span class='ocrx_word' id='word_1_311' title='bbox 568 2327 716 2359; x_wconf 84' lang='lat' dir='ltr'>consilio</span> <span class='ocrx_word' id='word_1_312' title='bbox 730 2330 762 2359; x_wconf 84' lang='lat' dir='ltr'>S.</span> <span class='ocrx_word' id='word_1_313' title='bbox 782 2327 949 2359; x_wconf 75' lang='lat' dir='ltr'>Bernardi</span> <span class='ocrx_word' id='word_1_314' title='bbox 969 2327 1108 2358; x_wconf 79' lang='lat' dir='ltr'>abbatis</span> <span class='ocrx_word' id='word_1_315' title='bbox 1122 2351 1130 2365; x_wconf 92' lang='lat'>,</span> 
     </span>
     <span class='ocr_line' id='line_1_45' title="bbox 111 2376 1130 2417; baseline -0.003 -8"><span class='ocrx_word' id='word_1_316' title='bbox 111 2378 280 2409; x_wconf 87' lang='lat' dir='ltr'>Henricus</span> <span class='ocrx_word' id='word_1_317' title='bbox 305 2377 536 2409; x_wconf 82' lang='lat' dir='ltr'>virdunensis</span> <span class='ocrx_word' id='word_1_318' title='bbox 559 2377 745 2417; x_wconf 89' lang='lat' dir='ltr'>episcopus</span> <span class='ocrx_word' id='word_1_319' title='bbox 765 2377 1008 2416; x_wconf 85' lang='lat' dir='ltr'>episcopatum</span> <span class='ocrx_word' id='word_1_320' title='bbox 1026 2376 1130 2407; x_wconf 87' lang='lat' dir='ltr'>dimi-</span> 
     </span>
     <span class='ocr_line' id='line_1_46' title="bbox 110 2425 1132 2467; baseline -0.001 -10"><span class='ocrx_word' id='word_1_321' title='bbox 110 2426 168 2465; x_wconf 88' lang='lat' dir='ltr'>sit,</span> <span class='ocrx_word' id='word_1_322' title='bbox 185 2430 221 2457; x_wconf 92' lang='lat' dir='ltr'>et</span> <span class='ocrx_word' id='word_1_323' title='bbox 234 2427 351 2457; x_wconf 89' lang='lat' dir='ltr'>factus</span> <span class='ocrx_word' id='word_1_324' title='bbox 367 2430 420 2457; x_wconf 92' lang='lat' dir='ltr'>est</span> <span class='ocrx_word' id='word_1_325' title='bbox 437 2426 624 2467; x_wconf 87' lang='lat' dir='ltr'>episcopus</span> <span class='ocrx_word' id='word_1_326' title='bbox 638 2435 698 2466; x_wconf 89' lang='lat' dir='ltr'>per</span> <span class='ocrx_word' id='word_1_327' title='bbox 714 2426 898 2457; x_wconf 90' lang='lat' dir='ltr'>biennium</span> <span class='ocrx_word' id='word_1_328' title='bbox 913 2425 1059 2465; x_wconf 85' lang='lat' dir='ltr'>quidam</span> <span class='ocrx_word' id='word_1_329' title='bbox 1071 2428 1132 2456; x_wconf 77' lang='lat' dir='ltr'>[r-</span> 
     </span>
     <span class='ocr_line' id='line_1_47' title="bbox 109 2475 726 2516; baseline -0.003 -8"><span class='ocrx_word' id='word_1_330' title='bbox 109 2476 288 2508; x_wconf 77' lang='lat' dir='ltr'>sio&#39;abbas</span> <span class='ocrx_word' id='word_1_331' title='bbox 304 2477 336 2507; x_wconf 91' lang='lat' dir='ltr'>S.</span> <span class='ocrx_word' id='word_1_332' title='bbox 358 2476 515 2516; x_wconf 76' lang='lat' dir='ltr'>Dionysii</span> <span class='ocrx_word' id='word_1_333' title='bbox 534 2475 726 2507; x_wconf 85' lang='lat' dir='ltr'>Remensis.</span> 
     </span>
    </p>

    <p class='ocr_par' dir='ltr' id='par_1_9' title="bbox 109 2521 1132 2616">
     <span class='ocr_line' id='line_1_48' title="bbox 152 2521 1132 2564; baseline -0.005 -7"><span class='ocrx_word' id='word_1_334' title='bbox 152 2524 333 2557; x_wconf 87' lang='lat' dir='ltr'>Fundatur</span> <span class='ocrx_word' id='word_1_335' title='bbox 350 2524 603 2564; x_wconf 86' lang='lat' dir='ltr'>Ursi-Campus</span> <span class='ocrx_word' id='word_1_336' title='bbox 615 2547 624 2563; x_wconf 89' lang='lat'>,</span> <span class='ocrx_word' id='word_1_337' title='bbox 643 2523 680 2554; x_wconf 90' lang='lat' dir='ltr'>in</span> <span class='ocrx_word' id='word_1_338' title='bbox 697 2522 839 2554; x_wconf 82' lang='lat' dir='ltr'>dioecesi</span> <span class='ocrx_word' id='word_1_339' title='bbox 855 2521 1076 2553; x_wconf 71' lang='lat' dir='ltr'>Noviomensi</span> <span class='ocrx_word' id='word_1_340' title='bbox 1089 2545 1097 2560; x_wconf 88' lang='lat'>,</span> <span class='ocrx_word' id='word_1_341' title='bbox 1114 2531 1132 2552; x_wconf 92' lang='lat' dir='ltr'>a</span> 
     </span>
     <span class='ocr_line' id='line_1_49' title="bbox 109 2575 440 2616; baseline -0.012 -7"><span class='ocrx_word' id='word_1_342' title='bbox 109 2577 249 2609; x_wconf 87' lang='lat' dir='ltr'>Simone</span> <span class='ocrx_word' id='word_1_343' title='bbox 264 2575 440 2616; x_wconf 88' lang='lat' dir='ltr'>episcopo.</span> 
     </span>
    </p>

    <p class='ocr_par' dir='ltr' id='par_1_10' title="bbox 111 2621 1136 3406">
     <span class='ocr_line' id='line_1_50' title="bbox 155 2621 1131 2663; baseline -0.007 -6"><span class='ocrx_word' id='word_1_344' title='bbox 155 2629 246 2657; x_wconf 85' lang='grc'><strong>1130.</strong></span> <span class='ocrx_word' id='word_1_345' title='bbox 274 2623 431 2656; x_wconf 87' lang='lat' dir='ltr'>Lotbarii</span> <span class='ocrx_word' id='word_1_346' title='bbox 456 2625 481 2654; x_wconf 90' lang='lat' dir='ltr'>ll</span> <span class='ocrx_word' id='word_1_347' title='bbox 505 2622 728 2663; x_wconf 89' lang='lat' dir='ltr'>imperatoris</span> <span class='ocrx_word' id='word_1_348' title='bbox 753 2626 770 2653; x_wconf 80' lang='grc'>5</span> <span class='ocrx_word' id='word_1_349' title='bbox 784 2646 792 2661; x_wconf 91' lang='grc'>,</span> <span class='ocrx_word' id='word_1_350' title='bbox 810 2621 975 2652; x_wconf 75' lang='lat' dir='ltr'>Ludovici</span> <span class='ocrx_word' id='word_1_351' title='bbox 994 2623 1033 2651; x_wconf 72' lang='lat' dir='ltr'>vl</span> <span class='ocrx_word' id='word_1_352' title='bbox 1051 2621 1131 2651; x_wconf 86' lang='lat' dir='ltr'>Gal-</span> 
     </span>
     <span class='ocr_line' id='line_1_51' title="bbox 111 2670 1131 2715; baseline -0.008 -8"><span class='ocrx_word' id='word_1_353' title='bbox 111 2675 239 2707; x_wconf 85' lang='lat' dir='ltr'>liarum</span> <span class='ocrx_word' id='word_1_354' title='bbox 256 2674 349 2715; x_wconf 75' lang='lat' dir='ltr'>regis</span> <span class='ocrx_word' id='word_1_355' title='bbox 365 2678 423 2712; x_wconf 86' lang='lat'>22,</span> <span class='ocrx_word' id='word_1_356' title='bbox 437 2677 581 2704; x_wconf 85' lang='lat' dir='ltr'>mortuo</span> <span class='ocrx_word' id='word_1_357' title='bbox 598 2671 754 2703; x_wconf 86' lang='lat' dir='ltr'>Honorio</span> <span class='ocrx_word' id='word_1_358' title='bbox 772 2680 861 2711; x_wconf 89' lang='lat' dir='ltr'>papa</span> <span class='ocrx_word' id='word_1_359' title='bbox 879 2670 1015 2701; x_wconf 88' lang='grc'><strong>(10011110</strong></span> <span class='ocrx_word' id='word_1_360' title='bbox 1033 2673 1131 2700; x_wconf 76' lang='lat' dir='ltr'>sexto</span> 
     </span>
     <span class='ocr_line' id='line_1_52' title="bbox 113 2718 1131 2762; baseline -0.008 -5"><span class='ocrx_word' id='word_1_361' title='bbox 113 2724 279 2756; x_wconf 86' lang='lat' dir='ltr'>kalendas</span> <span class='ocrx_word' id='word_1_362' title='bbox 296 2722 487 2760; x_wconf 84' lang='lat' dir='ltr'>februarii,</span> <span class='ocrx_word' id='word_1_363' title='bbox 503 2721 733 2762; x_wconf 74' lang='lat' dir='ltr'>pontificatus</span> <span class='ocrx_word' id='word_1_364' title='bbox 751 2720 805 2751; x_wconf 85' lang='lat' dir='ltr'>sui</span> <span class='ocrx_word' id='word_1_365' title='bbox 824 2724 922 2751; x_wconf 80' lang='lat' dir='ltr'>sexto</span> <span class='ocrx_word' id='word_1_366' title='bbox 936 2743 943 2757; x_wconf 92' lang='lat'>,</span> <span class='ocrx_word' id='word_1_367' title='bbox 963 2718 1131 2759; x_wconf 75' lang='lat' dir='ltr'>gravissi-</span> 
     </span>
     <span class='ocr_line' id='line_1_53' title="bbox 112 2767 1131 2807; baseline -0.009 -1"><span class='ocrx_word' id='word_1_368' title='bbox 112 2783 208 2806; x_wconf 89' lang='lat' dir='ltr'>mum</span> <span class='ocrx_word' id='word_1_369' title='bbox 227 2773 380 2805; x_wconf 88' lang='lat' dir='ltr'>schisma</span> <span class='ocrx_word' id='word_1_370' title='bbox 402 2772 440 2803; x_wconf 88' lang='lat' dir='ltr'>in</span> <span class='ocrx_word' id='word_1_371' title='bbox 456 2771 608 2802; x_wconf 80' lang='lat' dir='ltr'>Ecclesia</span> <span class='ocrx_word' id='word_1_372' title='bbox 634 2770 694 2802; x_wconf 92' lang='lat' dir='ltr'>Dei</span> <span class='ocrx_word' id='word_1_373' title='bbox 718 2769 852 2807; x_wconf 88' lang='lat' dir='ltr'>oritur,</span> <span class='ocrx_word' id='word_1_374' title='bbox 877 2767 1083 2799; x_wconf 82' lang='lat' dir='ltr'>Innocentio</span> <span class='ocrx_word' id='word_1_375' title='bbox 1108 2769 1131 2798; x_wconf 89' lang='lat' dir='ltr'>ll</span> 
     </span>
     <span class='ocr_line' id='line_1_54' title="bbox 112 2816 1133 2857; baseline -0.008 -2"><span class='ocrx_word' id='word_1_376' title='bbox 112 2823 281 2856; x_wconf 85' lang='lat' dir='ltr'>canonice</span> <span class='ocrx_word' id='word_1_377' title='bbox 301 2823 412 2854; x_wconf 89' lang='lat' dir='ltr'>electo</span> <span class='ocrx_word' id='word_1_378' title='bbox 435 2821 572 2852; x_wconf 89' lang='lat' dir='ltr'>decimo</span> <span class='ocrx_word' id='word_1_379' title='bbox 590 2820 697 2852; x_wconf 91' lang='lat' dir='ltr'>tertio</span> <span class='ocrx_word' id='word_1_380' title='bbox 716 2819 885 2850; x_wconf 85' lang='lat' dir='ltr'>kalendas</span> <span class='ocrx_word' id='word_1_381' title='bbox 914 2817 1052 2855; x_wconf 86' lang='lat' dir='ltr'>martii,</span> <span class='ocrx_word' id='word_1_382' title='bbox 1071 2816 1133 2857; x_wconf 88' lang='lat' dir='ltr'>qui</span> 
     </span>
     <span class='ocr_line' id='line_1_55' title="bbox 111 2867 1133 2915; baseline -0.009 -9"><span class='ocrx_word' id='word_1_383' title='bbox 111 2874 304 2915; x_wconf 73' lang='lat' dir='ltr'>Gregorius</span> <span class='ocrx_word' id='word_1_384' title='bbox 329 2876 434 2904; x_wconf 83' lang='lat' dir='ltr'>antea</span> <span class='ocrx_word' id='word_1_385' title='bbox 459 2871 673 2909; x_wconf 73' lang='lat' dir='ltr'>vocabatur3</span> <span class='ocrx_word' id='word_1_386' title='bbox 692 2870 754 2901; x_wconf 86' lang='lat' dir='ltr'>sed</span> <span class='ocrx_word' id='word_1_387' title='bbox 771 2871 872 2900; x_wconf 90' lang='lat' dir='ltr'>Petro</span> <span class='ocrx_word' id='word_1_388' title='bbox 898 2868 988 2900; x_wconf 88' lang='lat' dir='ltr'>Petri</span> <span class='ocrx_word' id='word_1_389' title='bbox 1010 2867 1133 2898; x_wconf 90' lang='lat' dir='ltr'>Leonis</span> 
     </span>
     <span class='ocr_line' id='line_1_56' title="bbox 113 2916 1134 2962; baseline -0.008 -7"><span class='ocrx_word' id='word_1_390' title='bbox 113 2923 205 2962; x_wconf 86' lang='lat' dir='ltr'>filio,</span> <span class='ocrx_word' id='word_1_391' title='bbox 223 2921 390 2954; x_wconf 82' lang='lat' dir='ltr'>violentia</span> <span class='ocrx_word' id='word_1_392' title='bbox 412 2920 608 2952; x_wconf 86' lang='lat' dir='ltr'>amicorum</span> <span class='ocrx_word' id='word_1_393' title='bbox 626 2929 774 2951; x_wconf 87' lang='lat' dir='ltr'>suorum</span> <span class='ocrx_word' id='word_1_394' title='bbox 787 2943 796 2958; x_wconf 84' lang='lat'>,</span> <span class='ocrx_word' id='word_1_395' title='bbox 811 2919 872 2958; x_wconf 85' lang='lat' dir='ltr'>qui</span> <span class='ocrx_word' id='word_1_396' title='bbox 897 2916 1134 2958; x_wconf 81' lang='lat' dir='ltr'>potentissimi</span> 
     </span>
     <span class='ocr_line' id='line_1_57' title="bbox 112 2967 1134 3010; baseline -0.007 -6"><span class='ocrx_word' id='word_1_397' title='bbox 112 2971 150 3004; x_wconf 92' lang='lat' dir='ltr'>in</span> <span class='ocrx_word' id='word_1_398' title='bbox 166 2972 259 3004; x_wconf 89' lang='lat' dir='ltr'>Urbe</span> <span class='ocrx_word' id='word_1_399' title='bbox 281 2975 383 3003; x_wconf 88' lang='lat' dir='ltr'>erant</span> <span class='ocrx_word' id='word_1_400' title='bbox 396 2994 405 3010; x_wconf 93' lang='lat'>,</span> <span class='ocrx_word' id='word_1_401' title='bbox 420 2971 560 3002; x_wconf 81' lang='lat' dir='ltr'>favente</span> <span class='ocrx_word' id='word_1_402' title='bbox 576 2969 642 3001; x_wconf 90' lang='lat' dir='ltr'>sibi</span> <span class='ocrx_word' id='word_1_403' title='bbox 661 2968 809 3009; x_wconf 82' lang='lat' dir='ltr'>Rogerio</span> <span class='ocrx_word' id='word_1_404' title='bbox 824 2968 941 2999; x_wconf 85' lang='lat' dir='ltr'>Siculo</span> <span class='ocrx_word' id='word_1_405' title='bbox 952 2991 960 3006; x_wconf 89' lang='lat'>,</span> <span class='ocrx_word' id='word_1_406' title='bbox 980 2967 1134 2998; x_wconf 88' lang='lat' dir='ltr'>intruso.</span> 
     </span>
     <span class='ocr_line' id='line_1_58' title="bbox 112 3018 1136 3058; baseline -0.008 -5"><span class='ocrx_word' id='word_1_407' title='bbox 112 3021 304 3054; x_wconf 77' lang='lat' dir='ltr'>innocentii</span> <span class='ocrx_word' id='word_1_408' title='bbox 320 3030 461 3052; x_wconf 90' lang='lat' dir='ltr'>causam</span> <span class='ocrx_word' id='word_1_409' title='bbox 477 3018 679 3052; x_wconf 80' lang='lat' dir='ltr'>Bernardus</span> <span class='ocrx_word' id='word_1_410' title='bbox 695 3027 758 3058; x_wconf 90' lang='lat' dir='ltr'>per</span> <span class='ocrx_word' id='word_1_411' title='bbox 772 3021 852 3049; x_wconf 90' lang='lat' dir='ltr'>octo</span> <span class='ocrx_word' id='word_1_412' title='bbox 865 3026 977 3048; x_wconf 87' lang='lat' dir='ltr'>annos</span> <span class='ocrx_word' id='word_1_413' title='bbox 992 3020 1136 3047; x_wconf 70' lang='lat' dir='ltr'>stri-nne</span> 
     </span>
     <span class='ocr_line' id='line_1_59' title="bbox 113 3065 1136 3111; baseline -0.008 -9"><span class='ocrx_word' id='word_1_414' title='bbox 113 3069 369 3111; x_wconf 85' lang='lat' dir='ltr'>propugnavit.</span> <span class='ocrx_word' id='word_1_415' title='bbox 388 3069 474 3101; x_wconf 75' lang='lat' dir='ltr'>Vide</span> <span class='ocrx_word' id='word_1_416' title='bbox 495 3068 678 3109; x_wconf 87' lang='lat' dir='ltr'>epistolam</span> <span class='ocrx_word' id='word_1_417' title='bbox 704 3069 762 3098; x_wconf 72' lang='lat'>124</span> <span class='ocrx_word' id='word_1_418' title='bbox 784 3071 819 3097; x_wconf 91' lang='lat' dir='ltr'>et</span> <span class='ocrx_word' id='word_1_419' title='bbox 833 3069 1033 3106; x_wconf 83' lang='lat' dir='ltr'>sequentes.</span> <span class='ocrx_word' id='word_1_420' title='bbox 1050 3065 1136 3095; x_wconf 79' lang='lat' dir='ltr'>Nam</span> 
     </span>
     <span class='ocr_line' id='line_1_60' title="bbox 114 3114 1136 3159; baseline -0.007 -8"><span class='ocrx_word' id='word_1_421' title='bbox 114 3124 149 3151; x_wconf 88' lang='lat' dir='ltr'>et</span> <span class='ocrx_word' id='word_1_422' title='bbox 161 3119 254 3151; x_wconf 89' lang='lat' dir='ltr'>inter</span> <span class='ocrx_word' id='word_1_423' title='bbox 269 3119 335 3150; x_wconf 86' lang='lat' dir='ltr'>alia</span> <span class='ocrx_word' id='word_1_424' title='bbox 347 3119 415 3151; x_wconf 91' lang='lat' dir='ltr'>hoe</span> <span class='ocrx_word' id='word_1_425' title='bbox 429 3119 505 3159; x_wconf 90' lang='lat' dir='ltr'>ipso</span> <span class='ocrx_word' id='word_1_426' title='bbox 521 3126 615 3149; x_wconf 91' lang='lat' dir='ltr'>anno</span> <span class='ocrx_word' id='word_1_427' title='bbox 631 3126 650 3148; x_wconf 87' lang='lat' dir='ltr'>a</span> <span class='ocrx_word' id='word_1_428' title='bbox 666 3115 832 3148; x_wconf 85' lang='lat' dir='ltr'>Patribus</span> <span class='ocrx_word' id='word_1_429' title='bbox 849 3114 1009 3152; x_wconf 84' lang='lat' dir='ltr'>concilii,</span> <span class='ocrx_word' id='word_1_430' title='bbox 1026 3115 1136 3145; x_wconf 88' lang='lat' dir='ltr'>Stam-</span> 
     </span>
     <span class='ocr_line' id='line_1_61' title="bbox 113 3163 1132 3209; baseline -0.009 -8"><span class='ocrx_word' id='word_1_431' title='bbox 113 3168 166 3209; x_wconf 81' lang='lat' dir='ltr'>pis</span> <span class='ocrx_word' id='word_1_432' title='bbox 184 3178 224 3200; x_wconf 89' lang='lat' dir='ltr'>ea</span> <span class='ocrx_word' id='word_1_433' title='bbox 239 3168 282 3200; x_wconf 92' lang='lat' dir='ltr'>de</span> <span class='ocrx_word' id='word_1_434' title='bbox 301 3177 339 3199; x_wconf 90' lang='lat' dir='ltr'>re</span> <span class='ocrx_word' id='word_1_435' title='bbox 362 3167 498 3206; x_wconf 87' lang='lat' dir='ltr'>habiti,</span> <span class='ocrx_word' id='word_1_436' title='bbox 517 3166 651 3198; x_wconf 86' lang='lat' dir='ltr'>arbiter</span> <span class='ocrx_word' id='word_1_437' title='bbox 676 3174 747 3196; x_wconf 89' lang='lat' dir='ltr'>una</span> <span class='ocrx_word' id='word_1_438' title='bbox 776 3173 860 3195; x_wconf 81' lang='lat' dir='ltr'>voce</span> <span class='ocrx_word' id='word_1_439' title='bbox 892 3163 1132 3201; x_wconf 86' lang='lat' dir='ltr'>constitutus,</span> 
     </span>
     <span class='ocr_line' id='line_1_62' title="bbox 113 3211 1128 3256; baseline -0.007 -7"><span class='ocrx_word' id='word_1_440' title='bbox 113 3217 358 3249; x_wconf 80' lang='lat' dir='ltr'>innocentium</span> <span class='ocrx_word' id='word_1_441' title='bbox 399 3217 566 3248; x_wconf 84' lang='lat' dir='ltr'>Anacleto</span> <span class='ocrx_word' id='word_1_442' title='bbox 606 3213 867 3256; x_wconf 64' lang='lat' dir='ltr'>praeterendum</span> <span class='ocrx_word' id='word_1_443' title='bbox 911 3211 1104 3244; x_wconf 74' lang='lat' dir='ltr'>declaravit</span> <span class='ocrx_word' id='word_1_444' title='bbox 1119 3237 1128 3252; x_wconf 88' lang='lat'>,</span> 
     </span>
     <span class='ocr_line' id='line_1_63' title="bbox 114 3261 1131 3306; baseline -0.005 -9"><span class='ocrx_word' id='word_1_445' title='bbox 114 3269 149 3296; x_wconf 84' lang='lat' dir='ltr'>et</span> <span class='ocrx_word' id='word_1_446' title='bbox 177 3265 366 3297; x_wconf 82' lang='lat' dir='ltr'>Hem-icum</span> <span class='ocrx_word' id='word_1_447' title='bbox 388 3265 521 3305; x_wconf 86' lang='lat' dir='ltr'>Angliae</span> <span class='ocrx_word' id='word_1_448' title='bbox 551 3273 670 3306; x_wconf 85' lang='lat' dir='ltr'>regem</span> <span class='ocrx_word' id='word_1_449' title='bbox 696 3263 739 3295; x_wconf 91' lang='lat' dir='ltr'>ad</span> <span class='ocrx_word' id='word_1_450' title='bbox 758 3272 837 3294; x_wconf 92' lang='lat' dir='ltr'>eum</span> <span class='ocrx_word' id='word_1_451' title='bbox 864 3261 1131 3302; x_wconf 89' lang='lat' dir='ltr'>suscipiendum</span> 
     </span>
     <span class='ocr_line' id='line_1_64' title="bbox 115 3311 1131 3355; baseline -0.005 -8"><span class='ocrx_word' id='word_1_452' title='bbox 115 3314 254 3347; x_wconf 80' lang='lat' dir='ltr'>induxit</span> <span class='ocrx_word' id='word_1_453' title='bbox 266 3339 275 3354; x_wconf 91' lang='lat'>,</span> <span class='ocrx_word' id='word_1_454' title='bbox 304 3314 391 3346; x_wconf 78' lang='lat' dir='ltr'>Vitae</span> <span class='ocrx_word' id='word_1_455' title='bbox 418 3314 510 3345; x_wconf 90' lang='lat' dir='ltr'>libro</span> <span class='ocrx_word' id='word_1_456' title='bbox 543 3318 560 3345; x_wconf 94' lang='grc'><strong>2</strong></span> <span class='ocrx_word' id='word_1_457' title='bbox 572 3338 580 3352; x_wconf 93' lang='grc'>,</span> <span class='ocrx_word' id='word_1_458' title='bbox 607 3323 683 3355; x_wconf 87' lang='lat' dir='ltr'>cap.</span> <span class='ocrx_word' id='word_1_459' title='bbox 714 3317 740 3345; x_wconf 90' lang='grc'>1.</span> <span class='ocrx_word' id='word_1_460' title='bbox 772 3312 856 3345; x_wconf 83' lang='lat' dir='ltr'>vide</span> <span class='ocrx_word' id='word_1_461' title='bbox 884 3311 1131 3343; x_wconf 81' lang='lat' dir='ltr'>Praefationem</span> 
     </span>
     <span class='ocr_line' id='line_1_65' title="bbox 115 3362 598 3406; baseline -0.004 -10"><span class='ocrx_word' id='word_1_462' title='bbox 115 3369 270 3396; x_wconf 84' lang='lat' dir='ltr'>nostram</span> <span class='ocrx_word' id='word_1_463' title='bbox 287 3364 484 3406; x_wconf 85' lang='lat' dir='ltr'>generalem</span> <span class='ocrx_word' id='word_1_464' title='bbox 497 3387 505 3400; x_wconf 93' lang='lat'>,</span> <span class='ocrx_word' id='word_1_465' title='bbox 525 3362 544 3403; x_wconf 59' lang='grc' dir='ltr'><strong>ς</strong></span> <span class='ocrx_word' id='word_1_466' title='bbox 566 3365 598 3394; x_wconf 67' lang='grc'>4.</span> 
     </span>
    </p>
   </div>
   <div class='ocr_carea' id='block_1_3' title="bbox 1194 254 2234 3350">
    <p class='ocr_par' dir='ltr' id='par_1_11' title="bbox 1194 254 2221 689">
     <span class='ocr_line' id='line_1_66' title="bbox 1242 254 2217 294; baseline 0.006 -10"><span class='ocrx_word' id='word_1_467' title='bbox 1242 254 1370 285; x_wconf 89' lang='lat' dir='ltr'>Eodem</span> <span class='ocrx_word' id='word_1_468' title='bbox 1403 264 1498 286; x_wconf 91' lang='lat' dir='ltr'>anno</span> <span class='ocrx_word' id='word_1_469' title='bbox 1532 254 1605 294; x_wconf 88' lang='lat' dir='ltr'>ipse</span> <span class='ocrx_word' id='word_1_470' title='bbox 1636 254 1836 286; x_wconf 82' lang='lat' dir='ltr'>Bernardus</span> <span class='ocrx_word' id='word_1_471' title='bbox 1866 264 2001 286; x_wconf 87' lang='lat' dir='ltr'>summa</span> <span class='ocrx_word' id='word_1_472' title='bbox 2027 257 2133 289; x_wconf 90' lang='lat' dir='ltr'>animi</span> <span class='ocrx_word' id='word_1_473' title='bbox 2156 258 2217 290; x_wconf 91' lang='lat' dir='ltr'>de-</span> 
     </span>
     <span class='ocr_line' id='line_1_67' title="bbox 1197 303 2218 345; baseline 0.004 -11"><span class='ocrx_word' id='word_1_474' title='bbox 1197 303 1362 335; x_wconf 82' lang='lat' dir='ltr'>missione</span> <span class='ocrx_word' id='word_1_475' title='bbox 1389 304 1632 344; x_wconf 84' lang='lat' dir='ltr'>episcopatum</span> <span class='ocrx_word' id='word_1_476' title='bbox 1666 304 1903 341; x_wconf 86' lang='lat' dir='ltr'>Genuensem,</span> <span class='ocrx_word' id='word_1_477' title='bbox 1934 304 2096 345; x_wconf 67' lang='lat' dir='ltr'>sigefridi</span> <span class='ocrx_word' id='word_1_478' title='bbox 2127 317 2218 338; x_wconf 90' lang='lat' dir='ltr'>anno</span> 
     </span>
     <span class='ocr_line' id='line_1_68' title="bbox 1197 351 2219 394; baseline 0.003 -11"><span class='ocrx_word' id='word_1_479' title='bbox 1197 352 1372 392; x_wconf 87' lang='lat' dir='ltr'>superiori</span> <span class='ocrx_word' id='word_1_480' title='bbox 1403 352 1446 383; x_wconf 88' lang='lat' dir='ltr'>ad</span> <span class='ocrx_word' id='word_1_481' title='bbox 1481 361 1628 392; x_wconf 88' lang='lat' dir='ltr'>superos</span> <span class='ocrx_word' id='word_1_482' title='bbox 1654 351 1819 383; x_wconf 84' lang='lat' dir='ltr'>translati</span> <span class='ocrx_word' id='word_1_483' title='bbox 1846 357 1959 384; x_wconf 87' lang='lat' dir='ltr'>morte</span> <span class='ocrx_word' id='word_1_484' title='bbox 1985 354 2219 394; x_wconf 89' lang='lat' dir='ltr'>destitutum,</span> 
     </span>
     <span class='ocr_line' id='line_1_69' title="bbox 1197 401 2215 441; baseline 0.001 -8"><span class='ocrx_word' id='word_1_485' title='bbox 1197 403 1386 434; x_wconf 75' lang='lat' dir='ltr'>recusavit.</span> <span class='ocrx_word' id='word_1_486' title='bbox 1414 402 1608 433; x_wconf 81' lang='lat' dir='ltr'>Balduinus</span> <span class='ocrx_word' id='word_1_487' title='bbox 1628 401 1761 432; x_wconf 74' lang='lat' dir='ltr'>veroin</span> <span class='ocrx_word' id='word_1_488' title='bbox 1778 401 1929 432; x_wconf 85' lang='lat' dir='ltr'>coneilio</span> <span class='ocrx_word' id='word_1_489' title='bbox 1948 403 2040 441; x_wconf 91' lang='lat' dir='ltr'>apud</span> <span class='ocrx_word' id='word_1_490' title='bbox 2058 404 2215 434; x_wconf 84' lang='lat' dir='ltr'>Clarum-</span> 
     </span>
     <span class='ocr_line' id='line_1_70' title="bbox 1198 449 2221 489; baseline 0 -7"><span class='ocrx_word' id='word_1_491' title='bbox 1198 454 1348 483; x_wconf 78' lang='lat' dir='ltr'>Montem</span> <span class='ocrx_word' id='word_1_492' title='bbox 1369 451 1405 482; x_wconf 91' lang='lat' dir='ltr'>in</span> <span class='ocrx_word' id='word_1_493' title='bbox 1422 451 1531 481; x_wconf 86' lang='lat' dir='ltr'>Gallia</span> <span class='ocrx_word' id='word_1_494' title='bbox 1547 450 1671 481; x_wconf 90' lang='lat' dir='ltr'>habito</span> <span class='ocrx_word' id='word_1_495' title='bbox 1687 473 1694 488; x_wconf 90' lang='lat'>‚</span> <span class='ocrx_word' id='word_1_496' title='bbox 1712 449 1849 489; x_wconf 84' lang='lat' dir='ltr'>primus</span> <span class='ocrx_word' id='word_1_497' title='bbox 1873 459 1913 480; x_wconf 84' lang='lat' dir='ltr'>ex</span> <span class='ocrx_word' id='word_1_498' title='bbox 1932 451 2221 482; x_wconf 69' lang='lat' dir='ltr'>Cisterciensibus</span> 
     </span>
     <span class='ocr_line' id='line_1_71' title="bbox 1197 498 2220 539; baseline -0.002 -7"><span class='ocrx_word' id='word_1_499' title='bbox 1197 510 1298 532; x_wconf 85' lang='lat' dir='ltr'>sacro</span> <span class='ocrx_word' id='word_1_500' title='bbox 1325 499 1559 531; x_wconf 83' lang='lat' dir='ltr'>cardinalium</span> <span class='ocrx_word' id='word_1_501' title='bbox 1587 499 1737 539; x_wconf 75' lang='lat' dir='ltr'>collegio</span> <span class='ocrx_word' id='word_1_502' title='bbox 1756 498 1958 538; x_wconf 85' lang='lat' dir='ltr'>adscriptus</span> <span class='ocrx_word' id='word_1_503' title='bbox 1977 504 2029 530; x_wconf 87' lang='lat' dir='ltr'>est</span> <span class='ocrx_word' id='word_1_504' title='bbox 2049 510 2056 530; x_wconf 89' lang='lat'>:</span> <span class='ocrx_word' id='word_1_505' title='bbox 2083 500 2140 530; x_wconf 90' lang='grc'><strong>0111</strong></span> <span class='ocrx_word' id='word_1_506' title='bbox 2159 501 2220 530; x_wconf 86' lang='lat' dir='ltr'>ad-</span> 
     </span>
     <span class='ocr_line' id='line_1_72' title="bbox 1194 548 2221 590; baseline -0.001 -9"><span class='ocrx_word' id='word_1_507' title='bbox 1194 551 1344 589; x_wconf 86' lang='lat' dir='ltr'>junctus</span> <span class='ocrx_word' id='word_1_508' title='bbox 1362 553 1512 590; x_wconf 89' lang='lat' dir='ltr'>putatur</span> <span class='ocrx_word' id='word_1_509' title='bbox 1534 549 1706 579; x_wconf 74' lang='lat' dir='ltr'>Martinus</span> <span class='ocrx_word' id='word_1_510' title='bbox 1724 548 1774 578; x_wconf 68' lang='lat' dir='ltr'>vir</span> <span class='ocrx_word' id='word_1_511' title='bbox 1791 548 1848 579; x_wconf 92' lang='lat' dir='ltr'>ille</span> <span class='ocrx_word' id='word_1_512' title='bbox 1866 549 2136 589; x_wconf 65' lang='lat' dir='ltr'>integerrimus,</span> <span class='ocrx_word' id='word_1_513' title='bbox 2158 560 2221 580; x_wconf 92' lang='lat' dir='ltr'>cu-</span> 
     </span>
     <span class='ocr_line' id='line_1_73' title="bbox 1196 596 2221 638; baseline -0.001 -8"><span class='ocrx_word' id='word_1_514' title='bbox 1196 600 1254 638; x_wconf 86' lang='lat' dir='ltr'>jus</span> <span class='ocrx_word' id='word_1_515' title='bbox 1275 599 1436 630; x_wconf 80' lang='lat' dir='ltr'>meminit</span> <span class='ocrx_word' id='word_1_516' title='bbox 1453 597 1656 629; x_wconf 83' lang='lat' dir='ltr'>Bernardus</span> <span class='ocrx_word' id='word_1_517' title='bbox 1672 597 1707 628; x_wconf 92' lang='lat' dir='ltr'>in</span> <span class='ocrx_word' id='word_1_518' title='bbox 1722 596 1815 627; x_wconf 89' lang='lat' dir='ltr'>libro</span> <span class='ocrx_word' id='word_1_519' title='bbox 1830 599 1847 628; x_wconf 75' lang='lat'><strong>4</strong></span> <span class='ocrx_word' id='word_1_520' title='bbox 1864 597 1906 628; x_wconf 93' lang='lat' dir='ltr'>de</span> <span class='ocrx_word' id='word_1_521' title='bbox 1921 598 2221 638; x_wconf 80' lang='lat' dir='ltr'>consideratione,</span> 
     </span>
     <span class='ocr_line' id='line_1_74' title="bbox 1198 647 1996 689; baseline -0.004 -9"><span class='ocrx_word' id='word_1_522' title='bbox 1198 658 1273 689; x_wconf 88' lang='lat' dir='ltr'>cap.</span> <span class='ocrx_word' id='word_1_523' title='bbox 1293 653 1321 680; x_wconf 84' lang='lat'>5.</span> <span class='ocrx_word' id='word_1_524' title='bbox 1341 651 1388 680; x_wconf 91' lang='lat' dir='ltr'>De</span> <span class='ocrx_word' id='word_1_525' title='bbox 1402 648 1588 685; x_wconf 79' lang='lat' dir='ltr'>Balduino,</span> <span class='ocrx_word' id='word_1_526' title='bbox 1606 648 1642 678; x_wconf 92' lang='lat' dir='ltr'>in</span> <span class='ocrx_word' id='word_1_527' title='bbox 1657 647 1814 687; x_wconf 86' lang='lat' dir='ltr'>epistolis</span> <span class='ocrx_word' id='word_1_528' title='bbox 1833 649 1908 685; x_wconf 73' lang='grc'><strong>144,</strong></span> <span class='ocrx_word' id='word_1_529' title='bbox 1924 649 1996 678; x_wconf 66' lang='grc'><strong>244.</strong></span> 
     </span>
    </p>

    <p class='ocr_par' dir='ltr' id='par_1_12' title="bbox 1196 696 2226 1677">
     <span class='ocr_line' id='line_1_75' title="bbox 1242 696 2216 737; baseline -0.002 -7"><span class='ocrx_word' id='word_1_530' title='bbox 1242 702 1334 731; x_wconf 89' lang='grc'><strong>1131.</strong></span> <span class='ocrx_word' id='word_1_531' title='bbox 1366 698 1572 730; x_wconf 84' lang='lat' dir='ltr'>Innocentio</span> <span class='ocrx_word' id='word_1_532' title='bbox 1600 697 1717 729; x_wconf 84' lang='lat' dir='ltr'>Leodii</span> <span class='ocrx_word' id='word_1_533' title='bbox 1748 696 1935 737; x_wconf 73' lang='lat' dir='ltr'>magnifice</span> <span class='ocrx_word' id='word_1_534' title='bbox 1957 701 2118 737; x_wconf 81' lang='lat' dir='ltr'>recepto,</span> <span class='ocrx_word' id='word_1_535' title='bbox 2137 707 2216 728; x_wconf 88' lang='lat' dir='ltr'>cum</span> 
     </span>
     <span class='ocr_line' id='line_1_76' title="bbox 1197 746 2225 790; baseline -0.003 -10"><span class='ocrx_word' id='word_1_536' title='bbox 1197 749 1298 790; x_wconf 88' lang='lat' dir='ltr'>prius</span> <span class='ocrx_word' id='word_1_537' title='bbox 1326 749 1392 780; x_wconf 90' lang='lat' dir='ltr'>sub</span> <span class='ocrx_word' id='word_1_538' title='bbox 1418 749 1522 779; x_wconf 88' lang='lat' dir='ltr'>finem</span> <span class='ocrx_word' id='word_1_539' title='bbox 1548 748 1632 779; x_wconf 91' lang='lat' dir='ltr'>anni</span> <span class='ocrx_word' id='word_1_540' title='bbox 1659 747 1853 787; x_wconf 88' lang='lat' dir='ltr'>superioris</span> <span class='ocrx_word' id='word_1_541' title='bbox 1869 746 1904 777; x_wconf 88' lang='lat' dir='ltr'>in</span> <span class='ocrx_word' id='word_1_542' title='bbox 1921 747 2065 778; x_wconf 88' lang='lat' dir='ltr'>Galliam</span> <span class='ocrx_word' id='word_1_543' title='bbox 2083 756 2118 778; x_wconf 91' lang='lat' dir='ltr'>se</span> <span class='ocrx_word' id='word_1_544' title='bbox 2133 757 2225 778; x_wconf 87' lang='lat' dir='ltr'>rece-</span> 
     </span>
     <span class='ocr_line' id='line_1_77' title="bbox 1198 797 2222 840; baseline -0.005 -9"><span class='ocrx_word' id='word_1_545' title='bbox 1198 800 1318 840; x_wconf 83' lang='lat' dir='ltr'>pisset,</span> <span class='ocrx_word' id='word_1_546' title='bbox 1333 798 1535 830; x_wconf 79' lang='lat' dir='ltr'>Bernardus</span> <span class='ocrx_word' id='word_1_547' title='bbox 1551 797 1719 838; x_wconf 82' lang='lat' dir='ltr'>repressit</span> <span class='ocrx_word' id='word_1_548' title='bbox 1737 797 1943 828; x_wconf 88' lang='lat' dir='ltr'>Lotharium</span> <span class='ocrx_word' id='word_1_549' title='bbox 1961 797 2222 837; x_wconf 82' lang='lat' dir='ltr'>imperatorem,</span> 
     </span>
     <span class='ocr_line' id='line_1_78' title="bbox 1199 846 2225 888; baseline -0.004 -8"><span class='ocrx_word' id='word_1_550' title='bbox 1199 848 1414 888; x_wconf 87' lang='lat' dir='ltr'>episcopales</span> <span class='ocrx_word' id='word_1_551' title='bbox 1442 846 1673 877; x_wconf 77' lang='lat' dir='ltr'>investituras</span> <span class='ocrx_word' id='word_1_552' title='bbox 1700 849 1917 885; x_wconf 86' lang='lat' dir='ltr'>repetentem</span> <span class='ocrx_word' id='word_1_553' title='bbox 1933 856 1940 883; x_wconf 84' lang='grc'>;</span> <span class='ocrx_word' id='word_1_554' title='bbox 1959 854 2112 884; x_wconf 78' lang='lat' dir='ltr'>eumque</span> <span class='ocrx_word' id='word_1_555' title='bbox 2132 855 2225 876; x_wconf 88' lang='grc'><strong>50111-</strong></span> 
     </span>
     <span class='ocr_line' id='line_1_79' title="bbox 1198 892 2223 933; baseline -0.007 -5"><span class='ocrx_word' id='word_1_556' title='bbox 1198 906 1278 928; x_wconf 90' lang='grc'><strong>0105</strong></span> <span class='ocrx_word' id='word_1_557' title='bbox 1296 895 1454 926; x_wconf 82' lang='lat' dir='ltr'>Pontifex</span> <span class='ocrx_word' id='word_1_558' title='bbox 1472 894 1602 925; x_wconf 89' lang='lat' dir='ltr'>ibidem</span> <span class='ocrx_word' id='word_1_559' title='bbox 1617 894 1652 924; x_wconf 89' lang='lat' dir='ltr'>in</span> <span class='ocrx_word' id='word_1_560' title='bbox 1668 892 1862 925; x_wconf 82' lang='lat' dir='ltr'>Germaniae</span> <span class='ocrx_word' id='word_1_561' title='bbox 1884 901 2000 933; x_wconf 74' lang='lat' dir='ltr'>regem</span> <span class='ocrx_word' id='word_1_562' title='bbox 2019 892 2223 929; x_wconf 70' lang='lat' dir='ltr'>coronavit,</span> 
     </span>
     <span class='ocr_line' id='line_1_80' title="bbox 1198 941 2222 985; baseline -0.006 -8"><span class='ocrx_word' id='word_1_563' title='bbox 1198 949 1315 977; x_wconf 66' lang='lat' dir='ltr'>Romae</span> <span class='ocrx_word' id='word_1_564' title='bbox 1337 949 1416 985; x_wconf 86' lang='lat' dir='ltr'>post</span> <span class='ocrx_word' id='word_1_565' title='bbox 1442 944 1532 975; x_wconf 87' lang='lat' dir='ltr'>duos</span> <span class='ocrx_word' id='word_1_566' title='bbox 1559 952 1671 974; x_wconf 89' lang='lat' dir='ltr'>annos</span> <span class='ocrx_word' id='word_1_567' title='bbox 1696 941 1924 982; x_wconf 88' lang='lat' dir='ltr'>imperatorio</span> <span class='ocrx_word' id='word_1_568' title='bbox 1942 941 2140 972; x_wconf 86' lang='lat' dir='ltr'>diademate</span> <span class='ocrx_word' id='word_1_569' title='bbox 2159 941 2222 971; x_wconf 90' lang='lat' dir='ltr'>do-</span> 
     </span>
     <span class='ocr_line' id='line_1_81' title="bbox 1198 991 2222 1032; baseline -0.006 -5"><span class='ocrx_word' id='word_1_570' title='bbox 1198 996 1371 1027; x_wconf 88' lang='lat' dir='ltr'>nandum.</span> <span class='ocrx_word' id='word_1_571' title='bbox 1392 997 1533 1026; x_wconf 83' lang='lat' dir='ltr'>Peracta</span> <span class='ocrx_word' id='word_1_572' title='bbox 1551 1003 1630 1024; x_wconf 75' lang='lat' dir='ltr'>vero</span> <span class='ocrx_word' id='word_1_573' title='bbox 1647 993 1760 1024; x_wconf 83' lang='lat' dir='ltr'>Leodii</span> <span class='ocrx_word' id='word_1_574' title='bbox 1777 991 2053 1032; x_wconf 76' lang='lat' dir='ltr'>Quadragesima</span> <span class='ocrx_word' id='word_1_575' title='bbox 2070 1001 2222 1031; x_wconf 62' lang='grc'><strong>000500-</strong></span> 
     </span>
     <span class='ocr_line' id='line_1_82' title="bbox 1198 1040 2224 1081; baseline -0.007 -4"><span class='ocrx_word' id='word_1_576' title='bbox 1198 1046 1244 1077; x_wconf 92' lang='lat' dir='ltr'>tis</span> <span class='ocrx_word' id='word_1_577' title='bbox 1259 1044 1342 1076; x_wconf 88' lang='lat' dir='ltr'>anni</span> <span class='ocrx_word' id='word_1_578' title='bbox 1357 1069 1364 1081; x_wconf 90' lang='lat'>,</span> <span class='ocrx_word' id='word_1_579' title='bbox 1380 1043 1609 1075; x_wconf 84' lang='lat' dir='ltr'>Innocentius</span> <span class='ocrx_word' id='word_1_580' title='bbox 1624 1043 1660 1074; x_wconf 91' lang='lat' dir='ltr'>in</span> <span class='ocrx_word' id='word_1_581' title='bbox 1675 1042 1803 1073; x_wconf 89' lang='lat' dir='ltr'>Gallias</span> <span class='ocrx_word' id='word_1_582' title='bbox 1822 1042 1950 1080; x_wconf 77' lang='lat' dir='ltr'>redux,</span> <span class='ocrx_word' id='word_1_583' title='bbox 1969 1041 2011 1072; x_wconf 90' lang='lat' dir='ltr'>ad</span> <span class='ocrx_word' id='word_1_584' title='bbox 2034 1040 2224 1072; x_wconf 77' lang='lat' dir='ltr'>concilium</span> 
     </span>
     <span class='ocr_line' id='line_1_83' title="bbox 1200 1090 2222 1127; baseline -0.005 -2"><span class='ocrx_word' id='word_1_585' title='bbox 1200 1099 1324 1127; x_wconf 85' lang='lat' dir='ltr'>contra</span> <span class='ocrx_word' id='word_1_586' title='bbox 1351 1094 1557 1124; x_wconf 85' lang='lat' dir='ltr'>Anacletum</span> <span class='ocrx_word' id='word_1_587' title='bbox 1586 1101 1706 1123; x_wconf 91' lang='lat' dir='ltr'>mense</span> <span class='ocrx_word' id='word_1_588' title='bbox 1736 1091 1874 1122; x_wconf 82' lang='lat' dir='ltr'>octobri</span> <span class='ocrx_word' id='word_1_589' title='bbox 1905 1091 2019 1122; x_wconf 81' lang='lat' dir='ltr'>Remis</span> <span class='ocrx_word' id='word_1_590' title='bbox 2049 1090 2222 1121; x_wconf 82' lang='lat' dir='ltr'>indictum</span> 
     </span>
     <span class='ocr_line' id='line_1_84' title="bbox 1199 1139 2224 1186; baseline -0.005 -11"><span class='ocrx_word' id='word_1_591' title='bbox 1199 1146 1400 1186; x_wconf 86' lang='lat' dir='ltr'>profectus,</span> <span class='ocrx_word' id='word_1_592' title='bbox 1424 1143 1639 1173; x_wconf 69' lang='lat' dir='ltr'>tuom-icum</span> <span class='ocrx_word' id='word_1_593' title='bbox 1659 1141 1840 1174; x_wconf 88' lang='lat' dir='ltr'>Juniorem</span> <span class='ocrx_word' id='word_1_594' title='bbox 1869 1141 1904 1172; x_wconf 91' lang='lat' dir='ltr'>in</span> <span class='ocrx_word' id='word_1_595' title='bbox 1929 1142 2046 1172; x_wconf 78' lang='lat' dir='ltr'>locum</span> <span class='ocrx_word' id='word_1_596' title='bbox 2074 1139 2224 1179; x_wconf 86' lang='lat' dir='ltr'>Philippi</span> 
     </span>
     <span class='ocr_line' id='line_1_85' title="bbox 1199 1190 2221 1232; baseline -0.008 -5"><span class='ocrx_word' id='word_1_597' title='bbox 1199 1195 1321 1227; x_wconf 87' lang='lat' dir='ltr'>fratris</span> <span class='ocrx_word' id='word_1_598' title='bbox 1337 1218 1346 1231; x_wconf 91' lang='lat'>,</span> <span class='ocrx_word' id='word_1_599' title='bbox 1364 1202 1404 1224; x_wconf 77' lang='lat' dir='ltr'>ex</span> <span class='ocrx_word' id='word_1_600' title='bbox 1421 1193 1501 1232; x_wconf 87' lang='lat' dir='ltr'>equi</span> <span class='ocrx_word' id='word_1_601' title='bbox 1521 1193 1620 1232; x_wconf 86' lang='lat' dir='ltr'>lapsu</span> <span class='ocrx_word' id='word_1_602' title='bbox 1638 1191 1828 1222; x_wconf 83' lang='lat' dir='ltr'>infeliciter</span> <span class='ocrx_word' id='word_1_603' title='bbox 1848 1190 1963 1221; x_wconf 86' lang='lat' dir='ltr'>necati</span> <span class='ocrx_word' id='word_1_604' title='bbox 1979 1214 1987 1227; x_wconf 90' lang='lat'>,</span> <span class='ocrx_word' id='word_1_605' title='bbox 2003 1199 2120 1229; x_wconf 64' lang='lat' dir='ltr'>regem</span> <span class='ocrx_word' id='word_1_606' title='bbox 2136 1198 2221 1220; x_wconf 92' lang='lat' dir='ltr'>con-</span> 
     </span>
     <span class='ocr_line' id='line_1_86' title="bbox 1202 1239 2222 1281; baseline -0.007 -6"><span class='ocrx_word' id='word_1_607' title='bbox 1202 1244 1363 1276; x_wconf 81' lang='lat' dir='ltr'>secravit.</span> <span class='ocrx_word' id='word_1_608' title='bbox 1386 1245 1462 1281; x_wconf 88' lang='lat' dir='ltr'>Quo</span> <span class='ocrx_word' id='word_1_609' title='bbox 1480 1242 1621 1281; x_wconf 83' lang='lat' dir='ltr'>quidem</span> <span class='ocrx_word' id='word_1_610' title='bbox 1641 1240 1791 1272; x_wconf 90' lang='lat' dir='ltr'>concilio</span> <span class='ocrx_word' id='word_1_611' title='bbox 1819 1241 1956 1277; x_wconf 88' lang='lat' dir='ltr'>soluto,</span> <span class='ocrx_word' id='word_1_612' title='bbox 1980 1239 2096 1278; x_wconf 78' lang='lat' dir='ltr'>inquit</span> <span class='ocrx_word' id='word_1_613' title='bbox 2114 1240 2222 1277; x_wconf 57' lang='grc'><strong>5000-</strong></span> 
     </span>
     <span class='ocr_line' id='line_1_87' title="bbox 1201 1287 2223 1327; baseline -0.007 -3"><span class='ocrx_word' id='word_1_614' title='bbox 1201 1294 1276 1324; x_wconf 88' lang='lat' dir='ltr'>rius</span> <span class='ocrx_word' id='word_1_615' title='bbox 1303 1293 1339 1324; x_wconf 93' lang='lat' dir='ltr'>in</span> <span class='ocrx_word' id='word_1_616' title='bbox 1356 1291 1432 1321; x_wconf 67' lang='lat' dir='ltr'>vita</span> <span class='ocrx_word' id='word_1_617' title='bbox 1447 1290 1613 1321; x_wconf 62' lang='lat' dir='ltr'>Ludos-ici</span> <span class='ocrx_word' id='word_1_618' title='bbox 1631 1289 1748 1321; x_wconf 84' lang='lat' dir='ltr'>Grossi</span> <span class='ocrx_word' id='word_1_619' title='bbox 1767 1312 1775 1326; x_wconf 90' lang='lat'>,</span> <span class='ocrx_word' id='word_1_620' title='bbox 1805 1289 1971 1319; x_wconf 87' lang='lat' dir='ltr'>dominus</span> <span class='ocrx_word' id='word_1_621' title='bbox 1999 1291 2088 1327; x_wconf 88' lang='lat' dir='ltr'>Papa</span> <span class='ocrx_word' id='word_1_622' title='bbox 2107 1287 2223 1318; x_wconf 74' lang='lat' dir='ltr'>Autis-</span> 
     </span>
     <span class='ocr_line' id='line_1_88' title="bbox 1202 1338 2226 1378; baseline -0.007 -6"><span class='ocrx_word' id='word_1_623' title='bbox 1202 1341 1332 1373; x_wconf 89' lang='lat' dir='ltr'>siodori</span> <span class='ocrx_word' id='word_1_624' title='bbox 1359 1338 1489 1378; x_wconf 67' lang='lat' dir='ltr'>delegit</span> <span class='ocrx_word' id='word_1_625' title='bbox 1523 1338 1718 1375; x_wconf 88' lang='lat' dir='ltr'>demorari,</span> <span class='ocrx_word' id='word_1_626' title='bbox 1747 1338 1885 1377; x_wconf 83' lang='lat' dir='ltr'>reliquo</span> <span class='ocrx_word' id='word_1_627' title='bbox 1911 1346 2037 1376; x_wconf 87' lang='lat' dir='ltr'>nempe</span> <span class='ocrx_word' id='word_1_628' title='bbox 2068 1340 2226 1375; x_wconf 90' lang='lat' dir='ltr'>tempore</span> 
     </span>
     <span class='ocr_line' id='line_1_89' title="bbox 1201 1385 2226 1428; baseline -0.007 -6"><span class='ocrx_word' id='word_1_629' title='bbox 1201 1391 1354 1422; x_wconf 89' lang='lat' dir='ltr'>labentis</span> <span class='ocrx_word' id='word_1_630' title='bbox 1382 1390 1488 1427; x_wconf 82' lang='lat' dir='ltr'>anni,</span> <span class='ocrx_word' id='word_1_631' title='bbox 1508 1398 1590 1420; x_wconf 88' lang='lat' dir='ltr'>cum</span> <span class='ocrx_word' id='word_1_632' title='bbox 1615 1387 1714 1428; x_wconf 80' lang='lat' dir='ltr'>prins</span> <span class='ocrx_word' id='word_1_633' title='bbox 1738 1387 1965 1424; x_wconf 89' lang='lat' dir='ltr'>Cluniacum,</span> <span class='ocrx_word' id='word_1_634' title='bbox 1989 1387 2092 1423; x_wconf 79' lang='lat' dir='ltr'>cuius</span> <span class='ocrx_word' id='word_1_635' title='bbox 2119 1385 2226 1416; x_wconf 88' lang='lat' dir='ltr'>eccle-</span> 
     </span>
     <span class='ocr_line' id='line_1_90' title="bbox 1202 1435 2224 1474; baseline -0.009 -2"><span class='ocrx_word' id='word_1_636' title='bbox 1202 1441 1287 1473; x_wconf 89' lang='lat' dir='ltr'>siam</span> <span class='ocrx_word' id='word_1_637' title='bbox 1307 1439 1502 1474; x_wconf 70' lang='lat' dir='ltr'>dedicavit‚</span> <span class='ocrx_word' id='word_1_638' title='bbox 1529 1437 1656 1469; x_wconf 89' lang='lat' dir='ltr'>deinde</span> <span class='ocrx_word' id='word_1_639' title='bbox 1679 1436 1968 1468; x_wconf 74' lang='lat' dir='ltr'>Claram-Vallem</span> <span class='ocrx_word' id='word_1_640' title='bbox 1987 1435 2144 1473; x_wconf 74' lang='lat' dir='ltr'>alia&lt;que</span> <span class='ocrx_word' id='word_1_641' title='bbox 2167 1443 2224 1464; x_wconf 84' lang='lat' dir='ltr'>ec·</span> 
     </span>
     <span class='ocr_line' id='line_1_91' title="bbox 1198 1482 2224 1526; baseline -0.01 -4"><span class='ocrx_word' id='word_1_642' title='bbox 1198 1490 1320 1522; x_wconf 85' lang='grc'><strong>0105135</strong></span> <span class='ocrx_word' id='word_1_643' title='bbox 1335 1489 1524 1526; x_wconf 72' lang='lat' dir='ltr'>visitasset,</span> <span class='ocrx_word' id='word_1_644' title='bbox 1541 1487 1734 1518; x_wconf 89' lang='lat' dir='ltr'>comitante</span> <span class='ocrx_word' id='word_1_645' title='bbox 1753 1486 1869 1526; x_wconf 84' lang='lat' dir='ltr'>ipsum</span> <span class='ocrx_word' id='word_1_646' title='bbox 1885 1485 2018 1524; x_wconf 81' lang='lat' dir='ltr'>ubique</span> <span class='ocrx_word' id='word_1_647' title='bbox 2033 1482 2224 1514; x_wconf 81' lang='lat' dir='ltr'>Bernardo.</span> 
     </span>
     <span class='ocr_line' id='line_1_92' title="bbox 1196 1535 2226 1576; baseline -0.008 -6"><span class='ocrx_word' id='word_1_648' title='bbox 1196 1539 1312 1570; x_wconf 86' lang='lat' dir='ltr'>Leodii</span> <span class='ocrx_word' id='word_1_649' title='bbox 1343 1542 1559 1569; x_wconf 77' lang='lat' dir='ltr'>conventum</span> <span class='ocrx_word' id='word_1_650' title='bbox 1585 1540 1665 1576; x_wconf 89' lang='lat' dir='ltr'>post</span> <span class='ocrx_word' id='word_1_651' title='bbox 1687 1535 1878 1566; x_wconf 88' lang='lat' dir='ltr'>concilium</span> <span class='ocrx_word' id='word_1_652' title='bbox 1905 1537 2073 1565; x_wconf 82' lang='lat' dir='ltr'>Remense</span> <span class='ocrx_word' id='word_1_653' title='bbox 2102 1536 2226 1563; x_wconf 87' lang='lat' dir='ltr'>narrat</span> 
     </span>
     <span class='ocr_line' id='line_1_93' title="bbox 1196 1583 2225 1623; baseline -0.008 -4"><span class='ocrx_word' id='word_1_654' title='bbox 1196 1587 1370 1619; x_wconf 87' lang='lat' dir='ltr'>Ernaldus</span> <span class='ocrx_word' id='word_1_655' title='bbox 1389 1587 1425 1618; x_wconf 92' lang='lat' dir='ltr'>in</span> <span class='ocrx_word' id='word_1_656' title='bbox 1438 1587 1531 1617; x_wconf 89' lang='lat' dir='ltr'>libro</span> <span class='ocrx_word' id='word_1_657' title='bbox 1549 1589 1565 1616; x_wconf 91' lang='grc'><strong>2</strong></span> <span class='ocrx_word' id='word_1_658' title='bbox 1583 1585 1625 1616; x_wconf 89' lang='lat' dir='ltr'>de</span> <span class='ocrx_word' id='word_1_659' title='bbox 1643 1585 1720 1616; x_wconf 62' lang='lat' dir='ltr'>Vita</span> <span class='ocrx_word' id='word_1_660' title='bbox 1739 1583 1923 1623; x_wconf 84' lang='lat' dir='ltr'>Bernardi,</span> <span class='ocrx_word' id='word_1_661' title='bbox 1947 1592 2024 1623; x_wconf 89' lang='lat' dir='ltr'>cap.</span> <span class='ocrx_word' id='word_1_662' title='bbox 2048 1585 2056 1612; x_wconf 93' lang='lat' dir='ltr'>l</span> <span class='ocrx_word' id='word_1_663' title='bbox 2076 1606 2083 1620; x_wconf 90' lang='lat'>‚</span> <span class='ocrx_word' id='word_1_664' title='bbox 2101 1586 2225 1612; x_wconf 87' lang='lat' dir='ltr'>contra</span> 
     </span>
     <span class='ocr_line' id='line_1_94' title="bbox 1196 1634 1833 1677; baseline -0.009 -8"><span class='ocrx_word' id='word_1_665' title='bbox 1196 1646 1396 1677; x_wconf 83' lang='lat' dir='ltr'>expressam</span> <span class='ocrx_word' id='word_1_666' title='bbox 1413 1635 1549 1676; x_wconf 77' lang='lat' dir='ltr'>Sugerii</span> <span class='ocrx_word' id='word_1_667' title='bbox 1569 1634 1833 1665; x_wconf 84' lang='lat' dir='ltr'>auctoritatem.</span> 
     </span>
    </p>

    <p class='ocr_par' dir='ltr' id='par_1_13' title="bbox 1196 1679 2233 2066">
     <span class='ocr_line' id='line_1_95' title="bbox 1238 1679 2226 1720; baseline -0.009 -4"><span class='ocrx_word' id='word_1_668' title='bbox 1238 1687 1310 1716; x_wconf 91' lang='lat' dir='ltr'>Hoc</span> <span class='ocrx_word' id='word_1_669' title='bbox 1340 1684 1445 1715; x_wconf 89' lang='lat' dir='ltr'>etiam</span> <span class='ocrx_word' id='word_1_670' title='bbox 1478 1692 1572 1714; x_wconf 89' lang='lat' dir='ltr'>anno</span> <span class='ocrx_word' id='word_1_671' title='bbox 1602 1681 1822 1720; x_wconf 72' lang='lat' dir='ltr'>Bernartius,</span> <span class='ocrx_word' id='word_1_672' title='bbox 1851 1685 1890 1711; x_wconf 89' lang='lat' dir='ltr'>ut</span> <span class='ocrx_word' id='word_1_673' title='bbox 1921 1679 2028 1710; x_wconf 85' lang='lat' dir='ltr'>habet</span> <span class='ocrx_word' id='word_1_674' title='bbox 2057 1686 2226 1717; x_wconf 66' lang='lat' dir='ltr'>magnum</span> 
     </span>
     <span class='ocr_line' id='line_1_96' title="bbox 1199 1729 2226 1773; baseline -0.009 -8"><span class='ocrx_word' id='word_1_675' title='bbox 1199 1734 1415 1766; x_wconf 90' lang='lat' dir='ltr'>Chronicum</span> <span class='ocrx_word' id='word_1_676' title='bbox 1438 1732 1641 1773; x_wconf 77' lang='lat' dir='ltr'>Belgicum,</span> <span class='ocrx_word' id='word_1_677' title='bbox 1670 1731 1913 1772; x_wconf 71' lang='lat' dir='ltr'>episcopatum</span> <span class='ocrx_word' id='word_1_678' title='bbox 1938 1729 2226 1760; x_wconf 80' lang='lat' dir='ltr'>Catalaunensem</span> 
     </span>
     <span class='ocr_line' id='line_1_97' title="bbox 1198 1775 2228 1820; baseline -0.01 -6"><span class='ocrx_word' id='word_1_679' title='bbox 1198 1784 1330 1814; x_wconf 79' lang='lat' dir='ltr'>electus</span> <span class='ocrx_word' id='word_1_680' title='bbox 1361 1780 1555 1817; x_wconf 68' lang='lat' dir='ltr'>recusavit,</span> <span class='ocrx_word' id='word_1_681' title='bbox 1585 1784 1619 1811; x_wconf 90' lang='lat' dir='ltr'>et</span> <span class='ocrx_word' id='word_1_682' title='bbox 1648 1789 1710 1820; x_wconf 90' lang='lat' dir='ltr'>per</span> <span class='ocrx_word' id='word_1_683' title='bbox 1741 1779 1858 1819; x_wconf 89' lang='lat' dir='ltr'>ipsum</span> <span class='ocrx_word' id='word_1_684' title='bbox 1889 1776 2086 1808; x_wconf 79' lang='lat' dir='ltr'>Gaufredus</span> <span class='ocrx_word' id='word_1_685' title='bbox 2119 1775 2228 1806; x_wconf 82' lang='lat' dir='ltr'>abbas</span> 
     </span>
     <span class='ocr_line' id='line_1_98' title="bbox 1197 1825 2227 1867; baseline -0.01 -4"><span class='ocrx_word' id='word_1_686' title='bbox 1197 1830 1495 1864; x_wconf 68' lang='lat' dir='ltr'>Sancti-Metlardi</span> <span class='ocrx_word' id='word_1_687' title='bbox 1514 1829 1776 1861; x_wconf 79' lang='lat' dir='ltr'>suessionensis</span> <span class='ocrx_word' id='word_1_688' title='bbox 1800 1829 1838 1859; x_wconf 79' lang='lat' dir='ltr'>fit</span> <span class='ocrx_word' id='word_1_689' title='bbox 1861 1827 2048 1867; x_wconf 82' lang='lat' dir='ltr'>episcopus</span> <span class='ocrx_word' id='word_1_690' title='bbox 2064 1825 2227 1856; x_wconf 83' lang='lat' dir='ltr'>Catalau-</span> 
     </span>
     <span class='ocr_line' id='line_1_99' title="bbox 1196 1875 2233 1916; baseline -0.011 -3"><span class='ocrx_word' id='word_1_691' title='bbox 1196 1881 1328 1913; x_wconf 89' lang='lat' dir='ltr'>nensis.</span> <span class='ocrx_word' id='word_1_692' title='bbox 1347 1880 1436 1911; x_wconf 89' lang='lat' dir='ltr'>ldem</span> <span class='ocrx_word' id='word_1_693' title='bbox 1453 1880 1562 1910; x_wconf 86' lang='lat' dir='ltr'>refert</span> <span class='ocrx_word' id='word_1_694' title='bbox 1580 1878 1780 1915; x_wconf 83' lang='lat' dir='ltr'>Albericus,</span> <span class='ocrx_word' id='word_1_695' title='bbox 1797 1876 1857 1916; x_wconf 91' lang='lat' dir='ltr'>qui</span> <span class='ocrx_word' id='word_1_696' title='bbox 1876 1880 1911 1907; x_wconf 93' lang='lat' dir='ltr'>et</span> <span class='ocrx_word' id='word_1_697' title='bbox 1929 1875 2026 1906; x_wconf 87' lang='lat' dir='ltr'>addit</span> <span class='ocrx_word' id='word_1_698' title='bbox 2038 1899 2045 1907; x_wconf 86' lang='lat'>.</span> <span class='ocrx_word' id='word_1_699' title='bbox 2064 1876 2233 1905; x_wconf 77' lang='lat' dir='ltr'>Innocen-</span> 
     </span>
     <span class='ocr_line' id='line_1_100' title="bbox 1198 1923 2230 1963; baseline -0.011 0"><span class='ocrx_word' id='word_1_700' title='bbox 1198 1932 1288 1963; x_wconf 90' lang='lat' dir='ltr'>tium</span> <span class='ocrx_word' id='word_1_701' title='bbox 1316 1929 1613 1962; x_wconf 77' lang='lat' dir='ltr'>Sancti-Medardi</span> <span class='ocrx_word' id='word_1_702' title='bbox 1640 1928 1820 1959; x_wconf 89' lang='lat' dir='ltr'>ecclesiam</span> <span class='ocrx_word' id='word_1_703' title='bbox 1847 1933 2088 1962; x_wconf 71' lang='lat' dir='ltr'>consec-rasse,</span> <span class='ocrx_word' id='word_1_704' title='bbox 2112 1923 2230 1954; x_wconf 88' lang='lat' dir='ltr'>idibus</span> 
     </span>
     <span class='ocr_line' id='line_1_101' title="bbox 1198 1971 2229 2016; baseline -0.01 -5"><span class='ocrx_word' id='word_1_705' title='bbox 1198 1980 1368 2012; x_wconf 91' lang='lat' dir='ltr'>nimirum</span> <span class='ocrx_word' id='word_1_706' title='bbox 1393 1978 1552 2010; x_wconf 84' lang='lat' dir='ltr'>octobris</span> <span class='ocrx_word' id='word_1_707' title='bbox 1565 2001 1573 2016; x_wconf 89' lang='lat'><strong><em>‚</em></strong></span> <span class='ocrx_word' id='word_1_708' title='bbox 1593 1981 1675 2009; x_wconf 86' lang='lat' dir='ltr'>ante</span> <span class='ocrx_word' id='word_1_709' title='bbox 1695 1976 1885 2007; x_wconf 86' lang='lat' dir='ltr'>concilium</span> <span class='ocrx_word' id='word_1_710' title='bbox 1904 1977 2088 2012; x_wconf 80' lang='lat' dir='ltr'>Remense,</span> <span class='ocrx_word' id='word_1_711' title='bbox 2107 1975 2147 2002; x_wconf 92' lang='lat' dir='ltr'>ut</span> <span class='ocrx_word' id='word_1_712' title='bbox 2165 1971 2229 2001; x_wconf 78' lang='lat' dir='ltr'>lia—</span> 
     </span>
     <span class='ocr_line' id='line_1_102' title="bbox 1199 2024 1912 2066; baseline -0.008 -6"><span class='ocrx_word' id='word_1_713' title='bbox 1199 2030 1260 2061; x_wconf 92' lang='lat' dir='ltr'>bet</span> <span class='ocrx_word' id='word_1_714' title='bbox 1284 2028 1501 2059; x_wconf 77' lang='lat' dir='ltr'>Chronicum</span> <span class='ocrx_word' id='word_1_715' title='bbox 1519 2026 1676 2066; x_wconf 86' lang='lat' dir='ltr'>ejusdem</span> <span class='ocrx_word' id='word_1_716' title='bbox 1693 2024 1912 2056; x_wconf 81' lang='lat' dir='ltr'>monasterii.</span> 
     </span>
    </p>

    <p class='ocr_par' dir='ltr' id='par_1_14' title="bbox 1199 2069 2233 2653">
     <span class='ocr_line' id='line_1_103' title="bbox 1241 2069 2228 2113; baseline -0.012 -3"><span class='ocrx_word' id='word_1_717' title='bbox 1241 2081 1311 2110; x_wconf 91' lang='lat' dir='ltr'>Hoc</span> <span class='ocrx_word' id='word_1_718' title='bbox 1346 2078 1467 2109; x_wconf 86' lang='lat' dir='ltr'>itidem</span> <span class='ocrx_word' id='word_1_719' title='bbox 1500 2086 1592 2108; x_wconf 89' lang='lat' dir='ltr'>anno</span> <span class='ocrx_word' id='word_1_720' title='bbox 1607 2100 1614 2113; x_wconf 89' lang='lat'>,</span> <span class='ocrx_word' id='word_1_721' title='bbox 1637 2076 1787 2106; x_wconf 87' lang='lat' dir='ltr'>Thomas</span> <span class='ocrx_word' id='word_1_722' title='bbox 1810 2073 1911 2105; x_wconf 87' lang='lat' dir='ltr'>Prior</span> <span class='ocrx_word' id='word_1_723' title='bbox 1937 2069 2228 2103; x_wconf 63' lang='lat' dir='ltr'>Sancti-Victoris</span> 
     </span>
     <span class='ocr_line' id='line_1_104' title="bbox 1200 2118 2230 2166; baseline -0.011 -7"><span class='ocrx_word' id='word_1_724' title='bbox 1200 2127 1404 2159; x_wconf 74' lang='lat' dir='ltr'>Parisiensis</span> <span class='ocrx_word' id='word_1_725' title='bbox 1418 2151 1426 2166; x_wconf 93' lang='lat'>,</span> <span class='ocrx_word' id='word_1_726' title='bbox 1441 2126 1493 2157; x_wconf 66' lang='lat' dir='ltr'>vir</span> <span class='ocrx_word' id='word_1_727' title='bbox 1510 2125 1784 2165; x_wconf 71' lang='lat' dir='ltr'>integerrimus,</span> <span class='ocrx_word' id='word_1_728' title='bbox 1801 2132 1864 2164; x_wconf 78' lang='lat' dir='ltr'>pro</span> <span class='ocrx_word' id='word_1_729' title='bbox 1880 2121 2019 2161; x_wconf 85' lang='lat' dir='ltr'>justitia</span> <span class='ocrx_word' id='word_1_730' title='bbox 2039 2118 2230 2151; x_wconf 79' lang='lat' dir='ltr'>crudelitet</span> 
     </span>
     <span class='ocr_line' id='line_1_105' title="bbox 1199 2168 2230 2229; baseline -0.012 -20"><span class='ocrx_word' id='word_1_731' title='bbox 1199 2178 1386 2218; x_wconf 88' lang='lat' dir='ltr'>perimitur</span> <span class='ocrx_word' id='word_1_732' title='bbox 1410 2186 1428 2207; x_wconf 89' lang='grc'>3</span> <span class='ocrx_word' id='word_1_733' title='bbox 1451 2175 1643 2229; x_wconf 83' lang='lat' dir='ltr'>nepotibus</span> <span class='ocrx_word' id='word_1_734' title='bbox 1662 2172 1854 2205; x_wconf 85' lang='lat' dir='ltr'>Theobaldi</span> <span class='ocrx_word' id='word_1_735' title='bbox 1878 2170 2027 2202; x_wconf 73' lang='lat' dir='ltr'>Neoterii</span> <span class='ocrx_word' id='word_1_736' title='bbox 2054 2168 2230 2200; x_wconf 86' lang='lat' dir='ltr'>archidia-</span> 
     </span>
     <span class='ocr_line' id='line_1_106' title="bbox 1199 2216 2231 2262; baseline -0.014 -4"><span class='ocrx_word' id='word_1_737' title='bbox 1199 2227 1278 2258; x_wconf 89' lang='lat' dir='ltr'>coni</span> <span class='ocrx_word' id='word_1_738' title='bbox 1294 2225 1516 2262; x_wconf 74' lang='lat' dir='ltr'>parisiensis,</span> <span class='ocrx_word' id='word_1_739' title='bbox 1533 2223 1590 2255; x_wconf 86' lang='lat' dir='ltr'>cui</span> <span class='ocrx_word' id='word_1_740' title='bbox 1611 2223 1655 2253; x_wconf 94' lang='lat' dir='ltr'>ob</span> <span class='ocrx_word' id='word_1_741' title='bbox 1673 2222 1906 2262; x_wconf 77' lang='lat' dir='ltr'>exprobratas</span> <span class='ocrx_word' id='word_1_742' title='bbox 1924 2220 1958 2250; x_wconf 93' lang='lat' dir='ltr'>in</span> <span class='ocrx_word' id='word_1_743' title='bbox 1977 2216 2231 2250; x_wconf 73' lang='lat' dir='ltr'>ecclesiasticos</span> 
     </span>
     <span class='ocr_line' id='line_1_107' title="bbox 1199 2265 2229 2309; baseline -0.013 -1"><span class='ocrx_word' id='word_1_744' title='bbox 1199 2276 1399 2307; x_wconf 81' lang='lat' dir='ltr'>exactiones</span> <span class='ocrx_word' id='word_1_745' title='bbox 1423 2274 1511 2305; x_wconf 65' lang='lat' dir='ltr'>invis</span> <span class='ocrx_word' id='word_1_746' title='bbox 1517 2282 1558 2304; x_wconf 91' lang='lat' dir='ltr'>us</span> <span class='ocrx_word' id='word_1_747' title='bbox 1582 2277 1669 2303; x_wconf 87' lang='lat' dir='ltr'>erat</span> <span class='ocrx_word' id='word_1_748' title='bbox 1689 2273 1756 2302; x_wconf 73' lang='lat' dir='ltr'>Nec</span> <span class='ocrx_word' id='word_1_749' title='bbox 1774 2271 1888 2301; x_wconf 87' lang='lat' dir='ltr'>multo</span> <span class='ocrx_word' id='word_1_750' title='bbox 1906 2273 1985 2309; x_wconf 83' lang='lat' dir='ltr'>post</span> <span class='ocrx_word' id='word_1_751' title='bbox 2005 2265 2229 2298; x_wconf 70' lang='grc'><strong>1100001031</strong></span> 
     </span>
     <span class='ocr_line' id='line_1_108' title="bbox 1199 2315 2232 2355; baseline -0.012 0"><span class='ocrx_word' id='word_1_752' title='bbox 1199 2324 1266 2355; x_wconf 89' lang='lat' dir='ltr'>dus</span> <span class='ocrx_word' id='word_1_753' title='bbox 1291 2323 1532 2355; x_wconf 86' lang='lat' dir='ltr'>subdiaconus</span> <span class='ocrx_word' id='word_1_754' title='bbox 1556 2318 1816 2351; x_wconf 75' lang='lat' dir='ltr'>Aurelianensis</span> <span class='ocrx_word' id='word_1_755' title='bbox 1844 2317 1935 2348; x_wconf 89' lang='lat' dir='ltr'>idem</span> <span class='ocrx_word' id='word_1_756' title='bbox 1964 2315 2088 2346; x_wconf 84' lang='lat' dir='ltr'>mortis</span> <span class='ocrx_word' id='word_1_757' title='bbox 2119 2322 2232 2355; x_wconf 69' lang='lat' dir='ltr'>genus</span> 
     </span>
     <span class='ocr_line' id='line_1_109' title="bbox 1199 2362 2232 2412; baseline -0.012 -8"><span class='ocrx_word' id='word_1_758' title='bbox 1199 2374 1392 2412; x_wconf 84' lang='lat' dir='ltr'>eademque</span> <span class='ocrx_word' id='word_1_759' title='bbox 1409 2371 1452 2402; x_wconf 87' lang='lat' dir='ltr'>de</span> <span class='ocrx_word' id='word_1_760' title='bbox 1471 2379 1574 2401; x_wconf 87' lang='lat' dir='ltr'>causa</span> <span class='ocrx_word' id='word_1_761' title='bbox 1600 2368 1732 2407; x_wconf 86' lang='lat' dir='ltr'>subiit,</span> <span class='ocrx_word' id='word_1_762' title='bbox 1752 2369 1886 2400; x_wconf 70' lang='grc'><strong>103000</strong></span> <span class='ocrx_word' id='word_1_763' title='bbox 1910 2370 2056 2397; x_wconf 87' lang='lat' dir='ltr'>auctore</span> <span class='ocrx_word' id='word_1_764' title='bbox 2079 2362 2232 2394; x_wconf 77' lang='grc' dir='ltr'><strong>0001051ῑο</strong></span> 
     </span>
     <span class='ocr_line' id='line_1_110' title="bbox 1199 2412 2232 2454; baseline -0.011 -1"><span class='ocrx_word' id='word_1_765' title='bbox 1199 2425 1230 2453; x_wconf 93' lang='lat' dir='ltr'>S.</span> <span class='ocrx_word' id='word_1_766' title='bbox 1249 2421 1372 2454; x_wconf 90' lang='lat' dir='ltr'>Crucis</span> <span class='ocrx_word' id='word_1_767' title='bbox 1390 2420 1510 2451; x_wconf 91' lang='lat' dir='ltr'>itidem</span> <span class='ocrx_word' id='word_1_768' title='bbox 1528 2418 1791 2449; x_wconf 84' lang='lat' dir='ltr'>archidiacono.</span> <span class='ocrx_word' id='word_1_769' title='bbox 1812 2419 1877 2447; x_wconf 89' lang='lat' dir='ltr'>Pro</span> <span class='ocrx_word' id='word_1_770' title='bbox 1896 2415 2014 2446; x_wconf 82' lang='lat' dir='ltr'>Priore</span> <span class='ocrx_word' id='word_1_771' title='bbox 2031 2416 2063 2445; x_wconf 89' lang='lat' dir='ltr'>S.</span> <span class='ocrx_word' id='word_1_772' title='bbox 2081 2412 2232 2443; x_wconf 60' lang='lat' dir='ltr'>Victoris</span> 
     </span>
     <span class='ocr_line' id='line_1_111' title="bbox 1200 2466 2233 2511; baseline -0.011 -8.989"><span class='ocrx_word' id='word_1_773' title='bbox 1200 2481 1266 2502; x_wconf 71' lang='lat' dir='ltr'>scri</span> <span class='ocrx_word' id='word_1_774' title='bbox 1260 2471 1342 2511; x_wconf 57' lang='lat' dir='ltr'>p&#39;sit</span> <span class='ocrx_word' id='word_1_775' title='bbox 1371 2468 1571 2501; x_wconf 72' lang='lat' dir='ltr'>bernardus</span> <span class='ocrx_word' id='word_1_776' title='bbox 1600 2467 1767 2507; x_wconf 82' lang='lat' dir='ltr'>epistolas</span> <span class='ocrx_word' id='word_1_777' title='bbox 1801 2466 2233 2503; x_wconf 76' lang='grc'><strong>158,159,160,162;01</strong></span> 
     </span>
     <span class='ocr_line' id='line_1_112' title="bbox 1201 2515 2232 2561; baseline -0.011 -9"><span class='ocrx_word' id='word_1_778' title='bbox 1201 2530 1265 2561; x_wconf 89' lang='lat' dir='ltr'>pro</span> <span class='ocrx_word' id='word_1_779' title='bbox 1283 2520 1520 2557; x_wconf 87' lang='lat' dir='ltr'>subdiacono,</span> <span class='ocrx_word' id='word_1_780' title='bbox 1536 2517 1720 2557; x_wconf 89' lang='lat' dir='ltr'>epistolam</span> <span class='ocrx_word' id='word_1_781' title='bbox 1739 2519 1790 2545; x_wconf 75' lang='grc'>61.</span> <span class='ocrx_word' id='word_1_782' title='bbox 1807 2517 1976 2553; x_wconf 87' lang='lat' dir='ltr'>Suscepta</span> <span class='ocrx_word' id='word_1_783' title='bbox 1996 2517 2115 2543; x_wconf 88' lang='lat' dir='ltr'>autem</span> <span class='ocrx_word' id='word_1_784' title='bbox 2132 2515 2232 2541; x_wconf 84' lang='grc'><strong>05101</strong></span> 
     </span>
     <span class='ocr_line' id='line_1_113' title="bbox 1202 2560 2230 2613; baseline -0.013 -9.872"><span class='ocrx_word' id='word_1_785' title='bbox 1202 2572 1335 2613; x_wconf 81' lang='lat' dir='ltr'>agitata</span> <span class='ocrx_word' id='word_1_786' title='bbox 1367 2569 1555 2608; x_wconf 75' lang='lat' dir='ltr'>uniusque</span> <span class='ocrx_word' id='word_1_787' title='bbox 1581 2575 1686 2598; x_wconf 87' lang='lat' dir='ltr'>causa</span> <span class='ocrx_word' id='word_1_788' title='bbox 1717 2566 1753 2596; x_wconf 91' lang='lat' dir='ltr'>in</span> <span class='ocrx_word' id='word_1_789' title='bbox 1779 2564 1930 2596; x_wconf 87' lang='grc'><strong>00001110</strong></span> <span class='ocrx_word' id='word_1_790' title='bbox 1954 2561 2126 2599; x_wconf 79' lang='lat' dir='ltr'>Jotiensi,</span> <span class='ocrx_word' id='word_1_791' title='bbox 2142 2560 2230 2591; x_wconf 89' lang='lat' dir='ltr'>dioe-</span> 
     </span>
     <span class='ocr_line' id='line_1_114' title="bbox 1203 2618 1507 2653; baseline -0.017 0"><span class='ocrx_word' id='word_1_792' title='bbox 1203 2622 1292 2653; x_wconf 82' lang='lat' dir='ltr'>cesis</span> <span class='ocrx_word' id='word_1_793' title='bbox 1310 2618 1507 2651; x_wconf 73' lang='lat' dir='ltr'>Meldensis.</span> 
     </span>
    </p>

    <p class='ocr_par' dir='ltr' id='par_1_15' title="bbox 1198 2659 2232 2953">
     <span class='ocr_line' id='line_1_115' title="bbox 1242 2659 2229 2703; baseline -0.014 -1"><span class='ocrx_word' id='word_1_794' title='bbox 1242 2669 1454 2702; x_wconf 83' lang='lat' dir='ltr'>Fundantur</span> <span class='ocrx_word' id='word_1_795' title='bbox 1478 2666 1668 2703; x_wconf 69' lang='lat' dir='ltr'>Morerola,</span> <span class='ocrx_word' id='word_1_796' title='bbox 1689 2663 1723 2694; x_wconf 91' lang='lat' dir='ltr'>in</span> <span class='ocrx_word' id='word_1_797' title='bbox 1742 2662 1889 2694; x_wconf 81' lang='lat' dir='ltr'>Castella</span> <span class='ocrx_word' id='word_1_798' title='bbox 1907 2665 1941 2692; x_wconf 87' lang='lat' dir='ltr'>et</span> <span class='ocrx_word' id='word_1_799' title='bbox 1959 2659 2141 2691; x_wconf 88' lang='lat' dir='ltr'>territorio</span> <span class='ocrx_word' id='word_1_800' title='bbox 2166 2660 2229 2689; x_wconf 88' lang='lat' dir='ltr'>Za-</span> 
     </span>
     <span class='ocr_line' id='line_1_116' title="bbox 1198 2707 2232 2757; baseline -0.015 -5"><span class='ocrx_word' id='word_1_801' title='bbox 1198 2719 1374 2757; x_wconf 75' lang='lat' dir='ltr'>niorcnsi3</span> <span class='ocrx_word' id='word_1_802' title='bbox 1406 2715 1661 2749; x_wconf 77' lang='lat' dir='ltr'>monasterium</span> <span class='ocrx_word' id='word_1_803' title='bbox 1693 2715 1727 2744; x_wconf 85' lang='lat' dir='ltr'>S.</span> <span class='ocrx_word' id='word_1_804' title='bbox 1767 2711 1912 2743; x_wconf 73' lang='grc'><strong>,1030015</strong></span> <span class='ocrx_word' id='word_1_805' title='bbox 1942 2710 1984 2741; x_wconf 90' lang='lat' dir='ltr'>de</span> <span class='ocrx_word' id='word_1_806' title='bbox 2010 2712 2168 2740; x_wconf 88' lang='lat' dir='ltr'>Tarouca</span> <span class='ocrx_word' id='word_1_807' title='bbox 2196 2707 2232 2737; x_wconf 90' lang='lat' dir='ltr'>in</span> 
     </span>
     <span class='ocr_line' id='line_1_117' title="bbox 1200 2755 2232 2804; baseline -0.015 -3"><span class='ocrx_word' id='word_1_808' title='bbox 1200 2768 1398 2804; x_wconf 83' lang='lat' dir='ltr'>Lusitania,</span> <span class='ocrx_word' id='word_1_809' title='bbox 1429 2764 1591 2796; x_wconf 87' lang='lat' dir='ltr'>dioecesis</span> <span class='ocrx_word' id='word_1_810' title='bbox 1620 2760 1859 2797; x_wconf 81' lang='lat' dir='ltr'>Lamecensis;</span> <span class='ocrx_word' id='word_1_811' title='bbox 1887 2761 2046 2799; x_wconf 68' lang='lat' dir='ltr'>Longus·</span> <span class='ocrx_word' id='word_1_812' title='bbox 2052 2760 2142 2788; x_wconf 85' lang='lat' dir='ltr'>Pons</span> <span class='ocrx_word' id='word_1_813' title='bbox 2157 2780 2164 2794; x_wconf 83' lang='lat'>,</span> <span class='ocrx_word' id='word_1_814' title='bbox 2197 2755 2232 2786; x_wconf 90' lang='lat' dir='ltr'>in</span> 
     </span>
     <span class='ocr_line' id='line_1_118' title="bbox 1199 2804 2230 2850; baseline -0.016 1"><span class='ocrx_word' id='word_1_815' title='bbox 1199 2818 1341 2850; x_wconf 84' lang='lat' dir='ltr'>dioecesi</span> <span class='ocrx_word' id='word_1_816' title='bbox 1366 2813 1629 2849; x_wconf 75' lang='lat' dir='ltr'>suessionensi,</span> <span class='ocrx_word' id='word_1_817' title='bbox 1653 2812 1806 2843; x_wconf 82' lang='lat' dir='ltr'>Charus·</span> <span class='ocrx_word' id='word_1_818' title='bbox 1811 2811 1942 2845; x_wconf 81' lang='lat' dir='ltr'>Locus,</span> <span class='ocrx_word' id='word_1_819' title='bbox 1963 2808 1996 2838; x_wconf 92' lang='lat' dir='ltr'>in</span> <span class='ocrx_word' id='word_1_820' title='bbox 2014 2805 2154 2837; x_wconf 81' lang='lat' dir='ltr'>dioecesi</span> <span class='ocrx_word' id='word_1_821' title='bbox 2174 2804 2230 2835; x_wconf 82' lang='lat' dir='ltr'>Bi-</span> 
     </span>
     <span class='ocr_line' id='line_1_119' title="bbox 1200 2854 2231 2903; baseline -0.016 -4"><span class='ocrx_word' id='word_1_822' title='bbox 1200 2865 1423 2903; x_wconf 82' lang='lat' dir='ltr'>suntinensi3</span> <span class='ocrx_word' id='word_1_823' title='bbox 1441 2864 1675 2895; x_wconf 76' lang='lat' dir='ltr'>Bonus-Mons</span> <span class='ocrx_word' id='word_1_824' title='bbox 1689 2884 1697 2898; x_wconf 87' lang='lat'>,</span> <span class='ocrx_word' id='word_1_825' title='bbox 1717 2860 1752 2890; x_wconf 91' lang='lat' dir='ltr'>in</span> <span class='ocrx_word' id='word_1_826' title='bbox 1775 2857 1947 2890; x_wconf 80' lang='lat' dir='ltr'>sabaudia</span> <span class='ocrx_word' id='word_1_827' title='bbox 1960 2881 1968 2895; x_wconf 96' lang='lat'>,</span> <span class='ocrx_word' id='word_1_828' title='bbox 1983 2854 2143 2886; x_wconf 79' lang='lat' dir='ltr'>dioecesis</span> <span class='ocrx_word' id='word_1_829' title='bbox 2167 2855 2231 2884; x_wconf 88' lang='lat' dir='ltr'>Ge-</span> 
     </span>
     <span class='ocr_line' id='line_1_120' title="bbox 1201 2903 2231 2953; baseline -0.016 -4"><span class='ocrx_word' id='word_1_830' title='bbox 1201 2915 1410 2953; x_wconf 89' lang='lat' dir='ltr'>bennensis;</span> <span class='ocrx_word' id='word_1_831' title='bbox 1425 2912 1599 2944; x_wconf 75' lang='lat' dir='ltr'>Rievallis.</span> <span class='ocrx_word' id='word_1_832' title='bbox 1616 2911 1652 2941; x_wconf 91' lang='lat' dir='ltr'>in</span> <span class='ocrx_word' id='word_1_833' title='bbox 1666 2909 1801 2950; x_wconf 48' lang='grc' dir='ltr'>Δ100113,</span> <span class='ocrx_word' id='word_1_834' title='bbox 1814 2907 1974 2938; x_wconf 78' lang='lat' dir='ltr'>dioecesis</span> <span class='ocrx_word' id='word_1_835' title='bbox 1990 2903 2231 2936; x_wconf 81' lang='lat' dir='ltr'>Eboracensis.</span> 
     </span>
    </p>

    <p class='ocr_par' dir='ltr' id='par_1_16' title="bbox 1201 2953 2234 3195">
     <span class='ocr_line' id='line_1_121' title="bbox 1250 2953 2234 2997; baseline -0.015 0"><span class='ocrx_word' id='word_1_836' title='bbox 1250 2969 1339 2997; x_wconf 80' lang='grc'><strong>1132.</strong></span> <span class='ocrx_word' id='word_1_837' title='bbox 1355 2962 1597 2995; x_wconf 85' lang='lat' dir='ltr'>Discedentem</span> <span class='ocrx_word' id='word_1_838' title='bbox 1613 2969 1631 2991; x_wconf 89' lang='lat' dir='ltr'>e</span> <span class='ocrx_word' id='word_1_839' title='bbox 1645 2959 1764 2991; x_wconf 88' lang='lat' dir='ltr'>Galliis</span> <span class='ocrx_word' id='word_1_840' title='bbox 1776 2956 2020 2989; x_wconf 80' lang='lat' dir='ltr'>Innocentium</span> <span class='ocrx_word' id='word_1_841' title='bbox 2032 2953 2234 2985; x_wconf 78' lang='lat' dir='ltr'>Bernardus</span> 
     </span>
     <span class='ocr_line' id='line_1_122' title="bbox 1203 3008 2232 3052; baseline -0.015 -5"><span class='ocrx_word' id='word_1_842' title='bbox 1203 3016 1240 3048; x_wconf 87' lang='grc'>10</span> <span class='ocrx_word' id='word_1_843' title='bbox 1266 3014 1399 3046; x_wconf 88' lang='lat' dir='ltr'>Italiam</span> <span class='ocrx_word' id='word_1_844' title='bbox 1423 3014 1659 3052; x_wconf 84' lang='lat' dir='ltr'>prosecutus,</span> <span class='ocrx_word' id='word_1_845' title='bbox 1678 3008 1821 3040; x_wconf 75' lang='lat' dir='ltr'>Pisanos</span> <span class='ocrx_word' id='word_1_846' title='bbox 1839 3011 1873 3037; x_wconf 90' lang='lat' dir='ltr'>et</span> <span class='ocrx_word' id='word_1_847' title='bbox 1887 3008 2088 3037; x_wconf 87' lang='lat' dir='ltr'>Genuenses</span> <span class='ocrx_word' id='word_1_848' title='bbox 2107 3011 2232 3033; x_wconf 77' lang='lat' dir='ltr'>recon-</span> 
     </span>
     <span class='ocr_line' id='line_1_123' title="bbox 1202 3051 2231 3099; baseline -0.016 -3"><span class='ocrx_word' id='word_1_849' title='bbox 1202 3063 1358 3099; x_wconf 67' lang='lat' dir='ltr'>ciliaxit,</span> <span class='ocrx_word' id='word_1_850' title='bbox 1388 3062 1622 3099; x_wconf 81' lang='lat' dir='ltr'>oblatumque</span> <span class='ocrx_word' id='word_1_851' title='bbox 1651 3058 1768 3089; x_wconf 91' lang='lat' dir='ltr'>denuo</span> <span class='ocrx_word' id='word_1_852' title='bbox 1798 3058 2016 3087; x_wconf 88' lang='lat' dir='ltr'>Genuensem</span> <span class='ocrx_word' id='word_1_853' title='bbox 2045 3051 2231 3092; x_wconf 88' lang='lat' dir='ltr'>pontifica-</span> 
     </span>
     <span class='ocr_line' id='line_1_124' title="bbox 1202 3101 2230 3152; baseline -0.017 -7"><span class='ocrx_word' id='word_1_854' title='bbox 1202 3118 1298 3152; x_wconf 88' lang='lat' dir='ltr'>tum,</span> <span class='ocrx_word' id='word_1_855' title='bbox 1317 3114 1402 3152; x_wconf 49' lang='lat' dir='ltr'>Syro</span> <span class='ocrx_word' id='word_1_856' title='bbox 1420 3110 1472 3141; x_wconf 81' lang='lat' dir='ltr'>vel</span> <span class='ocrx_word' id='word_1_857' title='bbox 1489 3109 1688 3145; x_wconf 89' lang='lat' dir='ltr'>deferente,</span> <span class='ocrx_word' id='word_1_858' title='bbox 1707 3106 1759 3137; x_wconf 77' lang='lat' dir='ltr'>vel</span> <span class='ocrx_word' id='word_1_859' title='bbox 1783 3105 1819 3135; x_wconf 90' lang='lat' dir='ltr'>in</span> <span class='ocrx_word' id='word_1_860' title='bbox 1846 3103 1961 3135; x_wconf 87' lang='lat' dir='ltr'>sedem</span> <span class='ocrx_word' id='word_1_861' title='bbox 1984 3101 2136 3132; x_wconf 87' lang='lat' dir='ltr'>necdum</span> <span class='ocrx_word' id='word_1_862' title='bbox 2153 3108 2230 3129; x_wconf 69' lang='lat' dir='ltr'>exe—</span> 
     </span>
     <span class='ocr_line' id='line_1_125' title="bbox 1201 3153 1916 3201; baseline -0.016 -7"><span class='ocrx_word' id='word_1_863' title='bbox 1201 3167 1283 3201; x_wconf 88' lang='lat' dir='ltr'>cto,</span> <span class='ocrx_word' id='word_1_864' title='bbox 1304 3160 1460 3192; x_wconf 89' lang='lat' dir='ltr'>modeste</span> <span class='ocrx_word' id='word_1_865' title='bbox 1483 3161 1763 3195; x_wconf 86' lang='lat' dir='ltr'>constanterque</span> <span class='ocrx_word' id='word_1_866' title='bbox 1780 3153 1916 3193; x_wconf 88' lang='lat' dir='ltr'>rejecit.</span> 
     </span>
    </p>

    <p class='ocr_par' dir='ltr' id='par_1_17' title="bbox 1198 3197 2232 3350">
     <span class='ocr_line' id='line_1_126' title="bbox 1238 3197 2232 3243; baseline -0.019 0.038"><span class='ocrx_word' id='word_1_867' title='bbox 1238 3214 1369 3243; x_wconf 79' lang='lat' dir='ltr'>Exorta</span> <span class='ocrx_word' id='word_1_868' title='bbox 1387 3210 1468 3240; x_wconf 90' lang='lat' dir='ltr'>item</span> <span class='ocrx_word' id='word_1_869' title='bbox 1487 3212 1540 3239; x_wconf 87' lang='lat' dir='ltr'>est</span> <span class='ocrx_word' id='word_1_870' title='bbox 1558 3206 1804 3239; x_wconf 90' lang='lat' dir='ltr'>Cluniacenses</span> <span class='ocrx_word' id='word_1_871' title='bbox 1823 3204 1915 3234; x_wconf 81' lang='lat' dir='ltr'>inter</span> <span class='ocrx_word' id='word_1_872' title='bbox 1932 3205 1967 3232; x_wconf 88' lang='lat' dir='ltr'>et</span> <span class='ocrx_word' id='word_1_873' title='bbox 1983 3197 2232 3231; x_wconf 84' lang='lat' dir='ltr'>Cistercienses</span> 
     </span>
     <span class='ocr_line' id='line_1_127' title="bbox 1198 3242 2229 3301; baseline -0.019 -9"><span class='ocrx_word' id='word_1_874' title='bbox 1198 3269 1327 3301; x_wconf 85' lang='lat' dir='ltr'>magna</span> <span class='ocrx_word' id='word_1_875' title='bbox 1351 3256 1612 3294; x_wconf 71' lang='lat' dir='ltr'>controxersia,</span> <span class='ocrx_word' id='word_1_876' title='bbox 1636 3253 1821 3286; x_wconf 89' lang='grc'><strong>000351000</strong></span> <span class='ocrx_word' id='word_1_877' title='bbox 1847 3249 2008 3282; x_wconf 69' lang='lat' dir='ltr'>videlicet</span> <span class='ocrx_word' id='word_1_878' title='bbox 2034 3242 2205 3287; x_wconf 67' lang='lat' dir='ltr'>prixilecrii</span> <span class='ocrx_word' id='word_1_879' title='bbox 2221 3266 2229 3280; x_wconf 89' lang='lat'>,</span> 
     </span>
     <span class='ocr_line' id='line_1_128' title="bbox 1198 3291 2231 3350; baseline -0.021 -8"><span class='ocrx_word' id='word_1_880' title='bbox 1198 3319 1270 3350; x_wconf 80' lang='lat' dir='ltr'>quo</span> <span class='ocrx_word' id='word_1_881' title='bbox 1284 3309 1370 3340; x_wconf 83' lang='lat' dir='ltr'>istos</span> <span class='ocrx_word' id='word_1_882' title='bbox 1384 3305 1612 3338; x_wconf 79' lang='lat' dir='ltr'>Innocentius</span> <span class='ocrx_word' id='word_1_883' title='bbox 1629 3314 1648 3335; x_wconf 92' lang='lat' dir='ltr'>a</span> <span class='ocrx_word' id='word_1_884' title='bbox 1662 3302 1879 3335; x_wconf 87' lang='lat' dir='ltr'>decimarum</span> <span class='ocrx_word' id='word_1_885' title='bbox 1897 3297 2072 3331; x_wconf 84' lang='lat' dir='ltr'>solutione</span> <span class='ocrx_word' id='word_1_886' title='bbox 2089 3291 2231 3327; x_wconf 70' lang='lat' dir='ltr'>exemit</span> 
     </span>
    </p>
   </div>
   <div class='ocr_carea' id='block_1_4' title="bbox 1199 3357 1654 3398">
    <p class='ocr_par' dir='ltr' id='par_1_18' title="bbox 1199 3357 1654 3398">
     <span class='ocr_line' id='line_1_129' title="bbox 1199 3357 1654 3398; baseline -0.014 -8"><span class='ocrx_word' id='word_1_887' title='bbox 1199 3362 1224 3390; x_wconf 58' lang='lat' dir='ltr'>l</span> <span class='ocrx_word' id='word_1_888' title='bbox 1229 3358 1283 3390; x_wconf 79' lang='lat' dir='ltr'>ide</span> <span class='ocrx_word' id='word_1_889' title='bbox 1297 3357 1462 3398; x_wconf 85' lang='lat' dir='ltr'>epistolas</span> <span class='ocrx_word' id='word_1_890' title='bbox 1480 3358 1539 3386; x_wconf 81' lang='grc'>228</span> <span class='ocrx_word' id='word_1_891' title='bbox 1554 3378 1560 3394; x_wconf 93' lang='grc'>,</span> <span class='ocrx_word' id='word_1_892' title='bbox 1577 3357 1654 3387; x_wconf 79' lang='lat'>283</span> 
     </span>
    </p>
   </div>
  </div>
 </body>
</html>
