2533 3920
367 129 444 166 639

371 205 589 256 aspectibus
605 213 778 257 apparet,
797 217 912 254 quam
931 203 1002 239 mei
1017 215 1166 239 errores
1180 196 1403 238 erubesce-=

1133 126 1168 161 S.
1208 122 1460 160 BERNARDI
1492 119 1693 157 ABBATIS

1412 197 1440 214 10·

2371 120 2445 158 640

369 280 409 304 re
432 266 617 304 solebant.
649 269 794 314 Quare,
822 264 976 301 domine
991 292 1000 309 ‚
1034 263 1234 299 frustratus
1256 274 1337 297 sum
1357 273 1378 296 a
1393 258 1425 291 A
1444 275 2444 292 ======================================================================
2496 298 2497 302 Ἰ

371 341 438 378 spe
472 328 584 363 mea?
619 338 736 375 quare
766 322 962 360 fraudatus
996 335 1017 358 a
1045 321 1234 358 desiderio
1269 320 1378 356 meo?

372 389 533 426 Praecisa
553 394 608 423 est
627 386 732 422 velut
751 397 770 421 a
795 392 948 420 texente
972 383 1050 419 vita
1071 395 1154 418 mea
1167 410 1176 427 ‚
1203 380 1293 417 (lum
1311 379 1380 416 ad-

373 447 448 484 huc
475 446 623 484 ordirer
643 444 809 482 succisus
833 456 929 480 sum.
952 443 1149 492 Completa
1179 449 1235 477 est
1254 440 1292 476 in
1320 452 1380 475 me

374 507 598 545 miserabilis
626 507 690 542 illa
719 504 925 550 sententia,
954 511 991 540 et
1022 503 1117 540 sicut
1153 502 1193 538 in
1225 501 1380 539 Cantico

373 569 628 612 canticorum,
655 566 831 611 domine,
863 564 1010 609 dixisti,
1034 563 1147 599 hodie
1165 563 1250 611 lego
1271 562 1310 598 in
1331 561 1381 597 li>-

372 628 444 665 bro
473 627 717 678 experientiae
752 625 844 662 illud
866 639 873 660 :
895 628 1033 669 Homo,
1063 637 1142 659 cum
1172 628 1210 658 1'11
1243 623 1381 657 honore

375 699 486 735 esset,
509 703 582 725 non
607 690 834 724 intellexit¹.
862 689 947 723 Non
967 685 1068 721 enim
1090 684 1177 720 satis
1193 683 1381 732 intellige-

375 750 463 786 bam
476 779 485 795 ‚
508 762 594 785 cum
610 761 729 785 essem
745 747 784 783 in
804 745 1056 790 Clara-Valle,
1073 757 1131 780 me
1148 756 1228 780 esse
1244 743 1282 779 in
1297 743 1381 778 loco

375 809 599 859 voluptatis,
620 808 720 844 inter
739 806 840 855 ligna
860 804 1050 855 paradisi3
1072 812 1109 839 et
1128 803 1214 839 ideo
1235 816 1306 852 pro
1327 803 1382 838 ni-

376 869 454 906 hilo
478 868 592 905 habui
613 876 752 903 terram
778 863 1081 901 desiderabilem.
1110 862 1210 910 Quid
1225 891 1234 903 ‚
1262 861 1383 898 domi-

375 940 443 972 ne,
463 926 554 976 quid
569 926 608 962 in
627 938 686 961 me
702 923 845 973 placuit
858 922 1155 959 considerationi
1173 929 1259 967 tuae,
1277 921 1383 970 quod

1561 398 1933 457 EPISTOLA
1987 390 2336 456 CCCXLV.¹’

1572 561 1620 582 AD
1650 558 1813 581 FRATRES
1846 558 1894 580 ΠΒ
1929 556 2288 581 SANCTo-ANASTASIO
2301 551 2326 581 ⁶.

1448 677 1653 710 Commendat
1686 688 1794 708 eorum
1830 676 1861 707 in
1896 675 2040 717 religiosa
2077 675 2243 717 disciplina
2278 675 2397 713 zelum,
2419 683 2450 711 et

1495 731 1738 762 obserxantiani.
1760 734 1909 762 Attamen
1928 729 2059 760 nimium
2075 729 2263 761 valetudinis
2280 740 2336 771 per
2359 730 2450 764 medi·
2498 725 2499 728 ¹

1495 786 1580 816 cinas
1594 785 1716 816 tuendzr
1730 785 1867 816 studium
1884 784 2053 826 improbat.

1449 910 1710 949 Dilectissimis
1734 910 1773 945 in
1794 909 1942 945 Christo
1961 909 2044 945 filiis
2072 909 2212 945 nostris
2237 908 2283 946 de
2305 912 2450 948 Sancto-

376 1000 436 1023 me
461 985 622 1036 posuisti
653 984 789 1020 ducem
816 995 857 1018 ac
886 990 1164 1032 praeceptorem
1185 980 1381 1029 gentibus,
1404 989 1431 1024 Β
1501 971 1715 1015 ΑΠᾶὃῖθδῖΟ,
1739 970 1856 1006 frates
1875 973 2099 1006 Bmmnnus
2115 970 2372 1007 ClssPae-Vssllis
2389 983 2451 1008 VO·

377 1045 481 1095 quod
518 1057 578 1080 me
613 1042 842 1080 constituisti
880 1041 1094 1091 principem
1131 1040 1266 1090 populi
1297 1040 1351 1076 tui
1369 1042 1383 1076 Ρ

377 1105 572 1155 Numquid
601 1103 839 1140 conversatio
863 1115 947 1139 mea
969 1103 1006 1138 in
1033 1102 1196 1139 saeculo?
1227 1101 1300 1139 Sed
1321 1101 1384 1138 illa

378 1166 495 1204 fetida
521 1166 602 1203 fuit.
632 1163 828 1214 Numquid
858 1164 922 1200 illa
953 1164 991 1200 in
1022 1162 1284 1199 monasterio?
1311 1161 1385 1199 Sed

375 1228 441 1264 illa
460 1225 566 1263 tarda
588 1234 625 1262 et
645 1224 772 1275 tepida
789 1224 870 1260 fuit.
893 1227 1019 1272 Quare
1048 1236 1133 1259 cum
1158 1235 1278 1259 essem
1300 1235 1386 1272 par-

375 1301 446 1325 vus
464 1287 504 1324 in
525 1286 645 1323 oculis
666 1285 782 1331 meis,
804 1292 919 1334 caput
950 1283 1069 1320 factus
1102 1296 1185 1319 sum
1212 1282 1251 1319 in
1283 1281 1387 1319 tribu

376 1347 516 1386 Israel?
537 1360 654 1397 quare
672 1359 758 1382 cum
777 1358 856 1381 non
871 1356 990 1381 essem
1010 1343 1176 1380 mundus
1196 1342 1243 1379 ab
1262 1344 1388 1380 occul-

380 1408 427 1445 tis
452 1407 564 1454 meis,
585 1405 632 1444 ab
661 1405 792 1443 alienis
814 1418 892 1441 non
914 1403 1120 1454 pepercisti
1148 1416 1259 1440 servo
1288 1405 1386 1440 tuo?

381 1468 481 1516 Quid
503 1467 612 1504 faciet
632 1466 768 1511 homo,
787 1478 900 1514 quem
915 1462 964 1501 de
981 1464 1184 1514 praeteritis
1201 1472 1309 1513 urget
1324 1464 1390 1500 do-

380 1529 439 1565 lor
452 1559 462 1575 ,
484 1528 530 1564 de
547 1525 800 1577 praesentibus
819 1524 947 1570 labor,
971 1533 1008 1561 et
1030 1525 1144 1561 timor
1160 1524 1206 1560 de
1228 1524 1390 1561 futuris?

380 1590 440 1628 Ad
457 1602 643 1627 summam
658 1587 816 1632 doloris,
837 1595 874 1623 et
892 1586 1087 1623 cumulum
1104 1586 1266 1622 miseriae
1281 1599 1388 1632 meae,

379 1651 454 1688 hoc
475 1651 598 1688 solum
623 1648 691 1686 tibi
711 1648 837 1686 dicere
865 1660 1056 1698 praesumo
1071 1677 1080 1693 ‚
1111 1647 1264 1683 domine
1292 1646 1390 1683 desi-

383 1709 581 1756 derabilis;
603 1708 691 1759 quia
712 1721 791 1744 non
811 1715 1032 1757 exspectato
1052 1707 1193 1743 vulnus
1215 1705 1261 1743 ab
1282 1706 1390 1743 hoste

1504 1039 1610 1068 catus
1633 1029 1770 1076 abbas,
1793 1030 1950 1066 salutem
1973 1038 2011 1066 et
2034 1029 2192 1067 devotas
2211 1030 2412 1068 orationes.

1511 1155 1541 1191 1.
1579 1157 1728 1191 Testem
1757 1153 1882 1191 habeo
1914 1153 1952 1190 in
1987 1153 2114 1200 coelis,
2146 1167 2260 1204 quam
2296 1155 2452 1194 multum

1453 1229 1586 1253 omnes
1605 1229 1675 1253 vos
1706 1215 1859 1266 cupiam
1889 1216 1927 1252 in
1947 1214 2158 1252 visceribus
2185 1219 2274 1253 Jesu
2304 1216 2454 1265 Christi,
2498 1247 2499 1250 ,

1453 1285 1617 1328 quantO,
1638 1277 1669 1313 si
1699 1277 1782 1313 fieri
1813 1284 1964 1327 posset,
1987 1276 2176 1313 desiderio
2205 1276 2454 1316 desiderarem
2497 1307 2500 1314 ,

1453 1338 1584 1375 videre
1604 1351 1694 1383 vos,
1716 1351 1794 1374 non
1819 1346 1982 1387 propter
2003 1350 2073 1374 vos
2088 1345 2258 1384 tantum,
2280 1337 2345 1374 sed
2364 1351 2455 1389 pro·
2498 1363 2500 1373 .

1453 1407 1540 1450 pter
1565 1411 1646 1445 me,
1669 1399 1729 1435 cui
1761 1411 1941 1448 magnum
1968 1406 2070 1435 certe
2097 1398 2274 1435 solatium
2300 1406 2338 1436 et
2363 1412 2457 1450 prae-

1455 1458 1608 1508 grandis
1625 1466 1724 1495 esset
1740 1458 1870 1495 laetitia
1887 1457 2067 1509 amplecti
2084 1458 2231 1496 viscera
2251 1472 2352 1504 mea,
2366 1473 2456 1509 gau-

1456 1518 1560 1555 dium
1590 1530 1742 1564 meum,
1768 1526 1806 1554 et
1833 1531 2017 1555 coronam
2053 1530 2199 1563 meam,
2232 1519 2338 1568 quod
2373 1519 2458 1558 estis
2498 1538 2522 1550 υ

1456 1591 1537 1615 vos.
1564 1582 1614 1616 At
1638 1578 1820 1627 quoniam
1840 1578 1880 1615 id
1900 1577 2074 1615 nondum
2095 1578 2320 1616 conceditur
2339 1577 2353 1630 (
2364 1591 2457 1616 con·
2496 1605 2502 1616 ⁴

1457 1639 1614 1676 cedetur
1633 1639 1733 1675 enim
1749 1669 1759 1686 ,
1776 1639 1873 1676 sicut
1890 1638 1990 1675 bene
2007 1638 2162 1675 confido
2180 1639 2228 1676 de
2248 1639 2460 1678 misericor-

1457 1698 1519 1736 dia
1535 1699 1625 1745 Dei,
1646 1707 1683 1735 et
1704 1699 1776 1736 erit
1797 1699 1953 1749 quando
1973 1698 2189 1736 videbimus
2204 1712 2293 1747 vos,
2316 1708 2355 1736 et
2369 1713 2459 1750 gau·
2498 1688 2500 1699 ἱ

385 1771 463 1808 tuli.
484 1773 670 1807 Caeterum
685 1799 695 1816 ‚
720 1768 894 1814 domine,
922 1776 965 1805 ut
989 1767 1035 1804 de
1064 1768 1150 1804 loco
1181 1768 1317 1817 loquar
1343 1766 1390 1803 ad
1410 1761 1437 1797 C
1457 1759 1561 1797 debit
1578 1773 1644 1797 001·
1660 1769 1835 1797 nostrum
1850 1790 1860 1807 ‚
1882 1769 1919 1797 et
1943 1760 2124 1810 gaudium
2150 1769 2325 1798 nostrum
2349 1775 2459 1800 nemo
2497 1759 2506 1811 ξ

1458 1821 1565 1857 tollet
1585 1834 1606 1857 a
1624 1820 1782 1871 nobis);
1803 1821 1955 1858 interim
1989 1829 2092 1858 certe
2126 1834 2263 1871 magna
2290 1822 2382 1859 mihi
2407 1831 2461 1862 est
2496 1827 2500 1846 ³

383 1846 497 1882 quem
533 1845 592 1868 me
622 1830 774 1875 misisti,
800 1830 852 1866 sic
884 1829 1035 1866 cucurri
1061 1828 1168 1878 quasi
1194 1828 1233 1864 in
1262 1828 1390 1864 incer·

384 1902 463 1930 tum
477 1922 486 1939 ,
508 1892 560 1929 sic
575 1890 765 1941 pugnavi,
786 1889 892 1939 quasi
911 1902 1036 1925 aerem
1054 1887 1273 1925 verberans.
1296 1890 1390 1923 Nam

383 1953 562 1990 (lominus
591 1955 716 2000 Papa,
751 1949 860 1998 cujus
893 1949 1027 1985 litteris
1059 1948 1205 1985 evocati
1236 1960 1390 1993 sumus,

385 2012 699 2064 promissionem,
719 2023 832 2060 quam
851 2009 896 2045 (le
914 2008 1085 2058 ejusdem
1099 2009 1172 2045 loci
1186 2009 1392 2044 confirma-

387 2074 490 2109 tione
521 2072 684 2117 fecerat,
716 2082 832 2120 opere
865 2083 942 2106 non
979 2069 1207 2118 complevit,
1236 2068 1332 2104 sicut
1354 2075 1392 2103 et

384 2146 552 2184 praesens
586 2140 735 2181 tempus
768 2130 918 2181 probat.
961 2129 1149 2166 Dominus
1183 2132 1272 2166 Fars
1289 2134 1315 2164 ⁵¹.
1345 2126 1391 2164 ad

387 2193 585 2230 introitum
608 2200 781 2228 nostrum
809 2190 958 2239 gavisus
985 2198 1041 2226 est
1068 2189 1206 2239 gaudio
1227 2202 1388 2237 magno,

386 2263 422 2291 et
439 2254 477 2290 in
502 2262 582 2290 toto
606 2251 720 2289 corde
741 2264 810 2288 suo
828 2263 968 2300 pueros
987 2258 1135 2286 vestros
1155 2249 1319 2298 recepit;
1341 2248 1392 2284 ita

388 2323 454 2359 ut,
478 2314 508 2351 si
529 2314 610 2349 fieri
630 2320 779 2362 posset,
803 2311 934 2347 oculos
951 2323 1040 2347 suos
1060 2311 1240 2354 eruisset,
1264 2318 1301 2345 et
1326 2308 1393 2344 de-

389 2376 503 2412 disset
520 2373 642 2411 nobis.
663 2377 707 2411 In
728 2373 801 2409 hoc
821 2372 944 2408 solum
971 2370 1284 2421 reprehensibilis
1309 2378 1390 2413 est,

387 2444 425 2472 et
444 2433 692 2484 corrigendus
720 2441 776 2469 est
798 2430 821 2469 a
848 2431 976 2477 vobis,
1009 2430 1114 2481 quod
1134 2431 1264 2467 onmia
1285 2429 1395 2466 faciat

388 2496 656 2540 vehementer,
679 2502 717 2530 et
746 2494 844 2529 ultra
877 2493 1171 2543 promissionem
1207 2503 1333 2535 suam,
1358 2497 1395 2525 et

1458 1882 1669 1918 consolatio
1691 1890 1728 1917 et
1748 1882 1877 1918 laetitia
1894 1882 2014 1918 multa
2028 1881 2068 1918 in
2083 1881 2162 1926 his,
2184 1895 2270 1932 quae
2290 1882 2337 1919 de
2354 1882 2460 1922 vobis

1458 1942 1586 1978 audivi
1608 1955 1678 1992 per
1699 1941 1985 1978 dilectissimum
2007 1941 2162 1977 fratrem
2183 1949 2221 1978 et
2241 1940 2460 1980 coabbatem

1458 2011 1633 2040 nostrum
1646 2001 1904 2039 venerabilem
1921 2000 2160 2039 Bernardum
2173 2010 2355 2040 vestrum.
2369 2003 2462 2041 Mul·

1458 2072 1534 2100 tam
1555 2063 1656 2100 enim
1676 2062 1787 2100 vobis
1804 2061 1927 2099 habeo
1944 2062 2102 2112 gratiam
2115 2090 2125 2107 ‚
2147 2062 2254 2112 quod
2277 2071 2351 2100 tam
2367 2062 2462 2100 bene

1457 2123 1529 2160 sibi
1551 2124 1764 2173 complacet
1784 2123 1823 2159 in
1844 2121 1954 2159 vobis
1973 2135 2046 2172 pro
2069 2122 2268 2173 disciplina
2285 2131 2411 2161 vestra
2426 2131 2462 2161 et

1458 2184 1613 2222 Ordinis
1633 2185 1734 2231 zelo,
1752 2197 1824 2234 pro
1845 2182 2064 2220 obedientia
2082 2191 2120 2220 et
2134 2183 2352 2220 voluntaria
2368 2197 2461 2234 pau-

1458 2252 1628 2296 pei-tate,
1664 2258 1736 2294 pro
1759 2243 1900 2294 quibus
1923 2243 2004 2280 sine
2033 2242 2152 2280 dubio
2180 2257 2325 2280 merces
2341 2242 2463 2282 vestra
2496 2249 2518 2268 Ψ

1459 2305 1578 2341 multa
1594 2305 1704 2341 estin
1726 2304 1843 2340 coelis.
1874 2303 1987 2341 Unde
2017 2316 2111 2353 rogo
2138 2317 2230 2350 vos,
2253 2304 2407 2351 fratres,
2426 2311 2463 2341 et

1461 2365 1624 2401 multum
1645 2363 1826 2408 obsecro,
1857 2364 1908 2399 sic
1933 2363 2054 2412 agite,
2073 2371 2110 2399 et
2132 2362 2185 2400 sic
2206 2371 2301 2400 state
2325 2364 2364 2400 in
2383 2367 2462 2402 Do-
2495 2366 2521 2393 ἰ

1460 2425 1566 2461 mino
1579 2453 1588 2469 ,
1609 2423 1866 2468 dilectissimi,
1886 2423 2035 2459 solliciti
2052 2435 2204 2473 semper
2220 2423 2320 2460 circa
2338 2432 2464 2461 custo-²

1462 2484 1560 2520 diam
1583 2483 1756 2529 Ordinis,
1780 2492 1823 2520 ut
1855 2482 1960 2521 Ordo
1989 2482 2178 2520 custodiat
2195 2497 2266 2521 vos
2287 2499 2295 2521 ε
2317 2483 2464 2521 solliciti

387 2564 557 2592 nostram
589 2555 839 2591 voluntatem.
869 2552 1059 2600 Quoniam
1090 2564 1214 2588 sermo
1241 2550 1321 2599 jam
1354 2550 1392 2585 in
1412 2550 1444 2584 D
1463 2557 1615 2581 servare
1649 2544 1831 2581 unitatem
1865 2543 2022 2593 spiritus
2055 2544 2093 2580 in
2127 2544 2282 2581 vinculo
2315 2544 2463 2595 pacis²;
2496 2548 2522 2584 [⁴

388 2616 544 2665 longum
566 2614 751 2665 processit
766 2642 775 2659 ,
797 2613 843 2649 de
862 2613 1036 2649 interiori
1052 2624 1138 2648 meo
1160 2610 1315 2647 homine
1337 2610 1396 2646 ni-

389 2677 442 2713 hil
470 2676 644 2721 brevius,
669 2675 762 2711 nihil
792 2674 920 2710 verius
953 2673 1080 2709 dicere
1114 2685 1291 2722 possum,
1325 2671 1395 2707 nisi

391 2737 478 2786 quia
497 2737 652 2772 laterem
678 2735 777 2771 lavo.

1464 2613 1635 2641 mutuam
1652 2605 1691 2641 in
1710 2603 1994 2653 vobismetipsis
2008 2632 2018 2649 ‚
2042 2603 2283 2654 maximeque
2299 2604 2345 2641 ad
2365 2617 2461 2654 prae-
2495 2629 2499 2637 ·

1463 2665 1582 2711 latos,
1613 2664 1834 2701 charitatem
1865 2663 2049 2700 humilem
2080 2663 2286 2711 habentes,
2307 2671 2464 2714 quaeest
2512 2684 2516 2692 ·

1463 2725 1657 2761 vinculum
1685 2724 1931 2774 perfectionis
1944 2723 1969 2759 ³.
1999 2723 2262 2761 Humilitatem
2283 2731 2370 2761 ante
2387 2736 2463 2762 om-

1461 2786 1523 2822 nia
1536 2815 1545 2831 ,
1563 2798 1679 2835 super
1699 2784 1826 2821 omnia
1844 2797 1976 2834 pacem
1992 2784 2214 2830 sectamini,
2235 2792 2395 2835 propter
2406 2783 2463 2820 in·-

1460 2845 1692 2882 habitantem
1719 2845 1900 2895 Spiritum
1922 2845 1993 2882 Dei
2013 2844 2052 2881 in
2070 2843 2201 2890 vobis,
2229 2844 2297 2894 qui
2315 2841 2462 2881 nonnisi
2496 2868 2499 2875 ·

1458 2919 1573 2956 super
1588 2905 1760 2955 quietum
1782 2914 1818 2941 et
1838 2905 2021 2942 humilem
2040 2904 2280 2954 requiescit&

445 3058 450 3071 ¹
476 3051 694 3088 Psal.x1.v111‚
721 3052 771 3081 13.
789 3065 833 3070 -—
852 3054 863 3069 ²
884 3047 998 3090 Ephes.
1022 3059 1067 3086 iv,
1087 3052 1117 3080 3.
1137 3067 1182 3070 —
1202 3046 1214 3068 3
1231 3049 1349 3080 Coloss.
1369 3060 1410 3079 111
1424 3073 1431 3086 ‚
1458 3049 1510 3079 14,
1530 3066 1574 3071 -
1596 3048 1610 3075 4
1638 3047 1708 3079 lsai.
1728 3058 1825 3085 wa,
1851 3051 1881 3078 2,

438 3114 449 3128 ’Ἰ
476 3111 675 3153 Legendum,
702 3109 860 3152 Farfensis
874 3122 886 3145 ;
913 3109 998 3150 cujus
1026 3108 1085 3139 loci
1111 3108 1208 3140 abbas
1224 3108 1391 3140 Alenulsus
1411 3108 1580 3140 monachos
1600 3119 1617 3139 a
1643 3106 1802 3138 Bernardo
1822 3107 1965 3149 petierat.
1990 3106 2072 3138 vide
2097 3105 2212 3138 librum
2240 3107 2362 3138 tertium
2384 3104 2462 3136 Vite

391 3170 421 3197 S.
452 3165 598 3197 Bernardi
615 3190 622 3202 ‚
641 3176 709 3207 cap.
736 3167 767 3202 7,
784 3175 816 3194 n.
836 3166 889 3195 23.

439 3222 452 3240 ²²
473 3220 557 3251 Alias
571 3218 700 3261 epistola
724 3221 784 3249 321
807 3228 812 3248 :
827 3227 895 3258 quae
913 3227 986 3247 vero
1004 3222 1094 3246 antea
1113 3218 1177 3247 325
1196 3222 1261 3246 erat
1277 3241 1283 3248 .
1303 3226 1386 3247 nunc
1403 3220 1480 3248 321.
1506 3217 1625 3259 Scripta
1643 3227 1725 3247 anno
1743 3216 1857 3248 Christi
1880 3220 1889 3246 1
1905 3218 1979 3246 140.

438 3280 448 3293 2
468 3275 587 3314 Nempe
608 3275 715 3303 Roma·
733 3271 772 3301 ad
791 3272 1019 3303 Tres-Fontes,
1049 3268 1130 3298 unde
1144 3275 1320 3310 assumptus
1346 3270 1501 3311 Eugenius
1515 3273 1580 3306 111,
1607 3276 1697 3300 antea
1714 3269 1890 3300 Bernardus
1911 3268 2010 3299 dictus
2028 3292 2034 3302 .
2055 3278 2159 3309 supra.
