2533 3920
392 210 462 246 531

1150 207 1186 242 S.
1215 205 1467 241 BERNARDI
1493 204 1695 240 ABBATIS

2397 206 2471 243 532
2510 209 2512 227 ³

391 286 552 323 tumacia
584 283 763 322 fratribus
791 284 926 320 vestris
954 282 1083 319 divina
1113 283 1243 320 fecerit
1270 280 1456 319 officia²⁶²
1469 288 1511 316 ut
1543 279 1741 329 diligentes
1769 290 1838 314 vos
1869 277 2053 326 diligatis,
2084 279 2294 327 praesertim
2325 281 2473 322 solliciti

393 345 578 383 interdici.
607 349 653 382 Et
681 344 836 394 quidem
869 344 1064 394 prolixum
1093 351 1150 380 est
1179 343 1251 380 hoc
1283 355 1401 392 nego-
1420 342 1449 374 A
1468 353 1623 378 servare
1645 339 1827 376 unitatem
1845 338 1999 388 spiritus
2018 338 2057 374 10
2073 338 2229 375 vinculo
2248 341 2349 389 pacis
2366 356 2374 378 :
2391 343 2470 390 illo,
2510 360 2511 363 ¹

395 407 508 450 tium,
527 413 565 441 et
587 404 740 441 difficile
757 412 854 440 esset
870 403 1048 440 universa
1066 401 1147 451 ejus
1168 401 1404 450 subterfugia

398 466 595 517 epistolari
629 464 817 501 brevitate
852 464 1030 501 concludi
1059 478 1067 500 :
1099 477 1249 500 causam
1279 472 1405 499 tamen

394 525 585 562 interdicti
616 538 730 574 quam
751 523 921 560 breviter
953 523 1153 560 intimabo.
1194 527 1284 560 Post
1313 522 1405 559 duas

397 594 462 621 aut
478 585 606 635 plures
620 584 894 621 conventiones
911 584 1013 634 pacis
1027 612 1036 629 ,
1067 591 1154 633 post
1170 583 1403 620 definitivam

398 645 621 682 sententiam
653 643 787 693 judicii
804 672 812 690 ,
848 643 960 693 juxta
992 644 1214 681 mandatum
1248 643 1404 693 capituli

396 706 512 743 vestri
529 719 598 755 per
618 713 765 741 vestros
782 713 819 741 ct
839 713 990 742 nostros
1010 704 1166 742 abbates
1186 705 1403 754 promulga-

399 774 473 802 tam
489 794 498 811 ,
525 765 666 802 accitus
688 764 840 801 demum
865 765 1066 814 episcopus
1094 764 1374 801 Cameracensis
1390 792 1399 808 ‚

397 824 445 860 ad
465 823 573 873 cujus
592 822 811 873 parochiam
832 823 938 858 locus
956 822 1268 860 Sancti-Foillani
1289 822 1405 872 perti-

396 898 489 921 nere
510 883 770 933 cognoscitur,
802 896 888 919 cum
909 883 1057 919 videret
1080 881 1256 919 abbatem
1285 881 1404 918 obsti-

396 953 486 982 nato
502 944 629 980 animo
645 943 773 979 omnia
789 943 954 987 violare,
977 943 1089 978 etiam
1110 942 1300 978 sententia
1317 954 1402 978 eum

395 1004 644 1041 ecclesiastica
663 1015 797 1051 cogere
813 1003 952 1048 voluit,
967 1010 1010 1038 ut
1027 1001 1188 1038 dicebat.
1207 1002 1276 1038 Ille
1296 1014 1403 1048 vero,

1470 401 1646 449 inquam,
1670 399 1824 435 vinculo
1838 427 1847 444 ‚
1869 397 1973 447 quod
1993 398 2094 434 inter
2116 411 2186 435 nos
2217 407 2254 436 et
2278 413 2346 437 vos
2364 415 2474 441 causa
2510 435 2511 439 ,

1471 461 1575 510 pacis
1606 459 1874 508 charitatisque
1902 459 2093 496 firmatum
2119 467 2195 504 est,
2217 459 2360 497 utiliter
2387 463 2473 512 qui.

1472 519 1556 557 dem
1572 548 1581 565 ,
1605 528 1643 556 et
1662 533 1739 556 non
1762 520 1886 556 minus
1907 519 2065 555 forsitan
2088 518 2197 556 vobis
2216 532 2331 569 quam
2351 521 2472 562 nobis.

1471 580 1508 618 Si
1522 579 1780 630 rumpendum
1798 579 2000 616 decernitis
2011 607 2020 624 ‚
2036 592 2115 616 non
2130 579 2286 629 expedit
2297 580 2471 629 quidem-z

1470 639 1536 676 sed
1557 652 1626 675 nec
1645 639 1758 675 licere
1777 638 1968 675 ullatenus
1988 646 2096 688 puto.
2114 641 2260 688 'Nempe
2284 639 2351 677 ubi
2370 653 2475 680 com-

1470 700 1596 736 munis
1620 707 1676 735 est
1704 712 1836 743 causa,
1863 711 2039 748 personae
2069 706 2195 735 reatus
2223 697 2474 748 praeJ'udicare

1470 771 1548 795 non
1569 757 1745 803 deberet,
1770 758 1841 795 etsi
1860 771 1952 795 vera
1971 765 2097 794 essent
2116 770 2202 807 quae
2228 757 2267 794 in
2289 770 2360 796 nos
2379 758 2498 802 dici-,a

1471 819 1529 856 tis.
1550 821 1630 868 Ego
1658 826 1783 855 autem
1798 846 1807 863 ,
1829 818 1980 865 fratres,
2007 817 2197 867 quidquid
2224 817 2385 866 faciatis,
2407 819 2474 858 de-

1470 878 1573 916 crevi
1600 891 1752 928 semper
1780 877 1936 928 diligere
1958 890 2047 924 vos,
2069 879 2181 915 etiam
2203 891 2283 915 non
2304 877 2472 919 dilectus.
2510 881 2513 917 l

1470 939 1698 976 Occasiones
1712 947 1875 987 quaerat,
1889 939 1955 988 qui
1968 939 2051 975 vult
2068 938 2245 976 recedere
2261 937 2309 976 ab
2325 939 2446 978 amico
2462 955 2472 980 z

1471 999 1563 1035 mihi
1582 999 1695 1036 studii
1712 1007 1785 1044 est,
1806 1008 1844 1036 et
1859 1000 1953 1045 erit,
1974 1013 2044 1036 nec
2064 1000 2241 1049 cuiquam
2264 1000 2472 1040 amicorum

397 1072 439 1099 111
456 1062 661 1099 redimeret
678 1070 850 1111 1011111115,
872 1062 1011 1098 summi
1031 1060 1225 1098 Pontificis
1246 1060 1401 1097 audien-
1422 1062 1448 1096 B
1463 1057 1606 1108 justam
1641 1058 1680 1095 in
1715 1072 1776 1095 me
1809 1058 2049 1096 discessionis
2079 1072 2230 1096 causam
2260 1059 2372 1107 dare,
2405 1073 2474 1100 nec
2509 1055 2513 1089 ἶ

396 1123 485 1159 tiam
523 1121 740 1172 appellavit.
774 1125 938 1158 Ventum
969 1129 1025 1157 est
1056 1129 1144 1157 ante
1177 1133 1265 1157 eum
1294 1135 1302 1156 :
1337 1120 1402 1169 qui

395 1191 599 1232 postquam
622 1182 840 1219 testimonio
863 1190 937 1218 tam
957 1189 1173 1218 vestrorum
1194 1180 1375 1217 abbatum
1391 1210 1401 1227 ‚

395 1256 508 1293 quam
524 1243 688 1279 aliorum
703 1242 982 1292 Religiosorum
1001 1241 1264 1279 indubitanter
1283 1254 1401 1291 agno-

395 1304 468 1350 vit,
490 1302 665 1340 abbatem
684 1303 993 1341 Sancti-Foillani
1010 1316 1088 1340 non
1112 1303 1235 1340 solum
1257 1302 1401 1339 resilire

395 1378 417 1400 a
441 1362 783 1413 compositionibus
801 1391 810 1407 ,
845 1362 911 1399 sed
938 1371 975 1399 et
1005 1362 1151 1412 judicio
1183 1362 1401 1408 contraire3

395 1423 592 1460 ecclesiam
620 1421 702 1472 ejus
727 1421 933 1459 imbanniri
958 1422 1097 1471 jussit,
1132 1423 1256 1460 donec
1289 1423 1401 1459 satis-

395 1483 555 1520 fecisset.
583 1486 744 1520 Demum
766 1483 925 1532 rogastis
950 1491 1025 1520 tam
1055 1497 1146 1529 vos,
1178 1497 1292 1533 quam
1321 1483 1402 1533 ipse

397 1543 582 1580 domnum
602 1543 908 1589 Cisterciensem,
931 1552 968 1580 et
987 1557 1074 1589 nos3
1103 1545 1308 1594 multisque
1327 1553 1401 1580 1301

396 1604 556 1650 vestris,
583 1617 695 1653 quam
719 1611 937 1640 vestrorum
961 1603 1141 1654 precibus
1163 1604 1374 1641 extorsistis
1390 1632 1399 1649 ,

395 1672 583 1715 praesente
597 1664 709 1701 etiam
722 1664 805 1714 ipso
819 1664 1001 1714 episcopo
1011 1693 1020 1710 ,
1035 1664 1100 1713 qui
1114 1663 1404 1714 promulgandae

397 1725 594 1762 sententiae
624 1725 819 1762 interdicti
852 1724 1073 1762 mandatum
1107 1733 1306 1775 acceperat
1324 1754 1334 1771 ,
1362 1733 1404 1761 ut

397 1785 669 1836 provideretur
685 1785 808 1822 adhuc
827 1786 948 1822 forma
964 1786 1089 1835 aliqua
1105 1786 1219 1835 pacis.
1236 1784 1405 1823 Absente

1469 1119 1629 1156 scrutari
1653 1119 1691 1155 in
1713 1119 1787 1156 alio
1809 1134 1817 1156 z
1839 1119 1944 1169 quod
1972 1119 2046 1156 hoc
2075 1119 2228 1170 quidem
2252 1121 2366 1167 fictae,
2383 1121 2473 1160 illud

1468 1192 1562 1216 vero
1590 1180 1772 1229 neglectae
1798 1179 1972 1216 amicitiae
2001 1179 2061 1216 sit.
2083 1183 2131 1217 Et
2158 1180 2247 1229 quia
2266 1180 2471 1220 secundum
2509 1186 2512 1212 ἵ

1468 1239 1697 1289 prophetam
1735 1242 1880 1289 glutino
1916 1239 2051 1276 bonum
2085 1249 2140 1276 est
2165 1247 2196 1288 ¹3
2220 1241 2387 1288 solvere,
2415 1242 2472 1280 vel

1468 1301 1596 1351 potius
1625 1299 1855 1350 abrumpere
1883 1313 1953 1337 vos
1979 1301 2174 1350 poteritis,
2195 1301 2263 1338 sed
2292 1315 2370 1338 non
2400 1315 2471 1340 me.
2510 1319 2512 1324 ’

1467 1360 1682 1398 Adhaerebo
1711 1360 1841 1408 vobis,
1865 1361 1935 1398 etsi
1963 1361 2092 1398 nolitis
2114 1376 2122 1399 ε
2154 1360 2380 1408 adhaerebo,
2405 1362 2471 1400 etsi

1468 1421 1588 1458 nolim
1613 1421 1706 1471 ipse.
1729 1421 1829 1459 Olim
1846 1434 1906 1458 me
1922 1421 2071 1470 alligavi
2090 1421 2180 1458 forti
2196 1421 2368 1468 vinculo,
2383 1421 2473 1459 cha-

1468 1482 1578 1519 ritate
1593 1495 1671 1518 non
1689 1482 1774 1518 ficta
1787 1509 1796 1526 ,
1812 1481 1876 1517 illa
1890 1494 1975 1531 quae
1993 1494 2189 1530 nunquam
2209 1480 2360 1518 excidit.
2381 1484 2473 1519 Cum

1470 1540 1630 1578 turbatis
1658 1554 1725 1577 ero
1755 1541 1955 1591 pacificus,
1988 1540 2307 1578 conturbantibus
2325 1555 2476 1591 quoque

1469 1601 1569 1638 dabo
1591 1602 1717 1638 locum
1742 1601 1809 1637 irae
1824 1630 1833 1647 ,
1857 1613 1906 1637 ne
1927 1599 2081 1638 diabolo
2107 1600 2208 1638 dem.
2230 1601 2372 1639 Vincat·
2389 1600 2476 1650 jur·
2507 1617 2512 1625 ⁴

1470 1661 1559 1711 giis,
1579 1662 1729 1697 vincam
1752 1659 1957 1710 obsequiis.
1972 1660 2107 1698 Invitis
2125 1660 2336 1711 praestabo,
2353 1661 2478 1711 ingra-
2507 1680 2512 1705 ς

1472 1721 1519 1758 115
1539 1720 1714 1770 adjiciam
1727 1749 1736 1767 ,
1758 1720 1959 1757 honorabo
1981 1729 2019 1758 et
2038 1729 2329 1758 contemnentes
2345 1734 2417 1758 me.
2432 1725 2480 1760 Et

1471 1794 1575 1818 nunc
1596 1782 1712 1818 tristis
1740 1789 1797 1818 est
1825 1781 1951 1818 anima
1982 1794 2085 1827 mea,
2107 1781 2212 1831 quod
2238 1795 2479 1832 quacumque

399 1844 536 1882 abbate
554 1845 600 1882 de
615 1846 767 1891 Villari,
789 1853 945 1882 tractata
966 1845 1216 1895 compositio,
1240 1845 1405 1882 dictum·
1424 1846 1450 1882 C
1471 1842 1671 1879 occasione
1703 1841 1930 1878 offenderim
1958 1854 2049 1888 vos3
2075 1842 2222 1891 eritque
2251 1842 2390 1888 tristis,
2417 1855 2481 1888 us-¹

399 1920 475 1956 que
507 1907 688 1956 episcopo
715 1914 788 1952 est,
821 1914 864 1942 ut
890 1906 919 1942 si
940 1906 999 1942 vel
1031 1906 1152 1956 ipsam
1182 1905 1406 1943 observaret

399 1966 515 2003 abbas
531 1966 863 2010 Sancti-Foillani‚
887 1964 1095 2002 abstineret
1119 1965 1166 2002 ab
1187 1965 1403 2002 interdicto.

395 2027 603 2065 Discedens
620 2035 746 2064 autem
766 2040 835 2063 nec
852 2027 954 2063 illam
973 2028 1115 2073 tenuit,
1136 2026 1201 2064 sed
1223 2027 1379 2063 domum
1394 2056 1403 2073 ,

398 2099 512 2135 quam
544 2094 581 2123 et
608 2085 742 2134 judicii
778 2086 966 2122 sententia
986 2114 995 2131 ,
1036 2094 1074 2122 et
1105 2086 1406 2136 compositiones

398 2159 532 2183 0111005
549 2145 773 2182 diruendam
799 2158 879 2182 esse
895 2145 1141 2192 definierant,
1160 2147 1211 2182 ita
1229 2154 1270 2182 ut
1289 2147 1401 2183 semel

397 2207 510 2243 etiam
538 2206 662 2243 diruta
678 2205 756 2254 jam
781 2206 930 2251 fuisset,
961 2215 1075 2256 atque
1092 2207 1245 2243 interim
1270 2215 1403 2244 contra

397 2268 691 2304 conventionem
721 2275 757 2303 01
780 2265 967 2316 judicium
996 2267 1247 2313 reaedificata;
1279 2268 1402 2313 hanc,

393 2328 550 2377 inquam
566 2356 574 2372 ,
603 2336 640 2363 et
656 2327 799 2373 tenuit,
815 2335 853 2363 et
870 2335 991 2373 tenet,
1011 2336 1048 2364 et
1069 2328 1225 2364 alteram
1247 2340 1403 2377 quoque

396 2387 724 2437 superaedificavit.
744 2386 886 2435 Quidni
903 2395 1176 2436 exsequeretur
1204 2387 1407 2437 episcopus

396 2446 618 2483 mandatum
655 2447 907 2496 apostolicum
931 2477 940 2494 ,
979 2447 1084 2497 quod
1122 2455 1322 2497 acceperat
1359 2447 1406 2484 de

394 2507 675 2557 promulganda
707 2507 895 2544 sententia
932 2506 1125 2544 interdicti
1144 2535 1153 2552 ,
1188 2507 1402 2557 praesertim

394 2567 521 2603 addita
539 2567 880 2617 praevaricatione?
903 2570 982 2616 Ego
1001 2575 1126 2604 tamen
1146 2580 1302 2617 sperans
1320 2575 1404 2603 tan—

395 2627 480 2664 dem
497 2627 700 2677 aliquando
713 2628 864 2664 vincere
880 2627 918 2664 in
929 2627 1035 2664 bono
1053 2628 1194 2664 malum
1207 2656 1216 2674 ,
1229 2627 1401 2664 eamdem
1420 2629 1453 2663 D

397 2689 621 2724 sententiam
649 2687 795 2724 differri
816 2687 886 2724 feci
907 2700 1028 2737 usque
1051 2687 1097 2724 ad
1126 2697 1279 2725 octavas
1311 2688 1395 2737 Epi-

397 2748 566 2797 11113111εο,
585 2748 614 2785 51
638 2748 734 2784 forte
759 2748 911 2784 interim
930 2748 989 2784 vir
1006 2749 1067 2784 ille
1085 2748 1333 2797 recogitaret,
1361 2756 1403 2784 ut

397 2808 456 2844 vel
488 2809 647 2844 sormam
668 2807 804 2856 judicii
831 2816 1122 2857 exsequeretur,
1149 2808 1209 2845 vel
1241 2820 1402 2858 compo-

396 2867 570 2904 sitionem
596 2868 759 2917 aliquam
784 2867 1016 2904 observaret.
1043 2867 1168 2917 Atque
1189 2869 1332 2904 utinam
1351 2867 1403 2904 510

396 2928 608 2977 contingat,
638 2936 676 2964 et
702 2928 812 2964 faciat
837 2931 940 2964 Deus
965 2928 1086 2977 pacis,
1117 2936 1159 2964 ut
1191 2928 1404 2977 requiescat

396 3000 512 3037 super
529 2988 634 3024 illum
653 3000 728 3037 pax
744 2995 885 3023 nostra.

456 3049 514 3086 10.
538 3050 631 3086 Cum
662 3048 742 3085 haec
762 3048 814 3084 ita
845 3061 884 3084 se
909 3047 1094 3095 habeant,
1116 3061 1194 3085 non
1215 3057 1271 3085 est
1299 3048 1404 3098 quod

399 3109 446 3146 de
464 3108 574 3146 nobis
596 3109 706 3158 queri
721 3107 912 3145 debeatis:
930 3121 1015 3145 cum
1028 3107 1170 3157 justius
1187 3121 1256 3145 nos
1274 3108 1320 3145 de
1336 3122 1406 3146 vo-

397 3169 476 3216 bis,
499 3177 542 3206 ut
569 3176 749 3219 apparet,
770 3168 878 3217 queri
898 3168 1101 3218 possimus.
1126 3168 1327 3217 Reliquum
1351 3177 1405 3205 cst

445 3305 453 3321 ‘
472 3299 542 3330 lsai.
567 3309 638 3334 1111,
659 3301 690 3329 7.

1472 1902 1641 1952 quedum
1658 1910 1785 1939 vestra
1803 1901 2041 1950 indulgentia
2063 1901 2270 1938 relevetur.
2295 1901 2333 1939 Si
2354 1900 2479 1939 tarda·
2508 1900 2510 1904 ’

1475 1963 1626 2008 veritis,
1648 1961 1733 2009 ibo,
1760 1970 1797 1998 et
1826 1960 2027 1998 excubabo
2059 1974 2132 2011 pro
2161 1960 2328 2008 foribus3
2348 1974 2479 2012 perse-

1471 2022 1615 2060 verabo
1630 2023 1786 2073 pulsans
1797 2051 1807 2068 ,
1823 2021 1973 2059 instabo
1989 2029 2211 2072 opportune
2224 2050 2234 2069 ,
2248 2021 2479 2072 importune,
2508 2066 2510 2073 Β

1474 2084 1596 2120 donec
1616 2084 1676 2120 vel
1697 2096 1845 2120 merear
1858 2111 1867 2128 ,
1889 2083 1950 2120 vel
1975 2090 2225 2132 extorqueam
2245 2081 2481 2120 benedictio-
2529 2130 2533 2131 ⁷

1473 2157 1573 2181 nem.
1596 2144 1686 2180 Plus
1711 2156 1824 2193 quam
1856 2142 2023 2180 medium
2047 2142 2182 2179 hiemis
2207 2143 2357 2180 transiit
2377 2141 2478 2192 jam,

1470 2213 1508 2241 et
1541 2204 1707 2241 tunicam
1740 2209 1937 2241 nostrama
1967 2216 2089 2253 usque
2124 2203 2249 2241 adhuc
2281 2203 2480 2241 frustratus
2506 2195 2516 2251 l

1470 2273 1662 2315 exspecto.
2451 2253 2457 2260 .
2506 2258 2509 2263 ⁴

1745 2411 1827 2421 ιιι-ιν
1833 2410 2478 2421 ==2==xxxxmtmwwwmwsnwwwszsunmustu

1625 2532 1998 2592 EPISTOLA
2064 2524 2337 2592 CCLIV.¹’

1629 2698 1674 2719 AD
1704 2697 1872 2720 ABBATEM
1902 2696 2099 2721 GUAMNUU
2129 2698 2331 2722 ALPENSER.

1468 2821 1589 2853 Laudat
1605 2820 1636 2852 in
1653 2831 1727 2852 sene
1742 2820 1856 2852 abbate
1873 2820 2010 2853 studium
2022 2821 2214 2854 reformandi
2234 2821 2375 2855 Ordinis.
2392 2824 2479 2855 Ten-

1517 2875 1601 2918 poris
1617 2874 1802 2907 brevitatem
1826 2886 1892 2907 non
1915 2875 2067 2908 obsistere
2089 2876 2193 2909 studio
2213 2876 2423 2920 perfectionis·
2442 2878 2479 2909 In
2504 2879 2506 2883 '

1518 2931 1581 2961 vita
1605 2930 1759 2973 spirituali
1790 2941 1914 2973 semper
1942 2930 2192 2974 proficiendum,
2219 2941 2380 2974 nunquam
2401 2937 2480 2964 stu·
2504 2951 2506 2963 ι

1517 2983 1607 3016 dum.

1471 3105 1700 3144 Reverendo
1730 3106 1852 3156 patri,
1874 3115 1912 3143 et
1940 3106 2047 3143 omni
2065 3106 2313 3144 veneratione
2347 3105 2477 3156 digno,

1527 3167 1672 3204 domno
1693 3165 1821 3203 abbati
1838 3167 1994 3217 Alpe-nsi
2021 3168 2200 3204 Gunmo
2213 3195 2223 3212 ‚
2240 3174 2278 3204 et
2297 3164 2479 3204 universis

1498 3297 1509 3311 ⁸
1530 3294 1565 3327 Id
1583 3301 1625 3325 051
1639 3318 1646 3327 .
1672 3294 1867 3325 charitatem.

441 3345 456 3368 b
475 3355 548 3383 11εο0
562 3351 691 3394 epistola
705 3350 817 3392 scripta
834 3356 878 3381 est
898 3361 980 3380 anno
1007 3353 1014 3380 1
1030 3354 1090 3380 130
1107 3373 1114 3385 ,
1138 3360 1199 3390 quo
1223 3349 1342 3379 unitum
1356 3355 1398 3379 cst
1417 3347 1565 3380 Cistercio
1586 3347 1723 3389 Alpense
1743 3346 1964 3378 monasterium
1978 3370 1985 3385 ,
2001 3345 2040 3378 (10
2054 3357 2116 3389 (1110
2129 3346 2259 3390 epistola
2278 3347 2354 3377 142.
