2565 3952
44 155 116 194 513

953 149 1217 185 EPISTOLAE.

2075 152 2146 188 514

44 233 102 271 sis.
120 227 338 269 Recordare
359 240 434 276 qua
457 239 593 271 causa,
625 238 702 274 quo
727 225 823 271 line,
850 237 920 274 per
936 223 1114 274 quos,²⁴¹
1132 225 1312 271 Paulum,
1337 237 1436 274 quos
1467 225 1600 274 utique
1630 225 1667 261 in
1698 227 1841 263 vicario
1863 236 1900 263 et
1931 240 2149 265 successore

43 291 136 330 etin
154 302 251 340 quos
270 301 386 332 usus,
414 299 492 323 non
514 286 628 334 longe
657 293 746 321 ante
770 285 840 321 1105
863 284 944 321 dies
965 291 1107 324 cun-A
1129 298 1199 321 suo
1218 284 1391 333 Eugenio
1415 285 1492 321 suis
1522 284 1677 322 sedibus
1702 294 1740 322 et
1767 285 1912 322 aedibus
1938 287 2145 335 effugastis.

44 360 208 395 ctarum‚
223 361 308 398 quae
326 348 364 383 in
389 355 422 383 te
441 354 530 383 sunt
544 375 552 391 ,
579 346 826 382 ecclesiarum
846 345 970 382 omnis
992 359 1058 382 01·-

45 419 151 450 natus
177 418 215 446 et
239 420 374 444 census
402 406 629 457 profligatus
655 414 712 442 est
739 412 767 442 «Ἰ.
798 405 995 455 Quidquid
1019 405 1058 441 in

44 469 222 512 altaribus
245 477 282 505 et
305 468 343 504 iu
365 467 545 504 altarium
563 467 675 512 vasis,
699 466 889 516 quidquid
909 467 946 502 in
966 466 1058 515 ipsis

44 532 155 572 sacris
180 528 410 579 imaginibus
437 528 520 565 auri
543 536 580 564 et
605 528 752 577 argenti
780 527 941 577 reperiri
965 535 1057 563 tunc

43 592 184 646 potuit,
208 588 383 626 manibus
407 589 617 639 impiorum
645 587 839 638 direptum
862 596 900 624 et
921 601 1056 638 aspor-

43 663 160 694 tatum
183 660 251 689 est.
270 650 372 699 Quid
392 664 440 687 ex
458 650 514 687 his
535 649 716 686 omnibus
736 658 773 686 tu
796 650 834 686 in
857 649 930 686 tuis
953 662 1056 686 nunc

44 712 240 763 marsupiis
263 712 439 749 iuvenis?
462 716 582 749 Porro
605 711 723 748 decor
741 711 877 747 domus
899 710 1057 747 Domini

42 771 390 824 irrecuperabiliter
419 772 545 823 periit.
577 775 625 809 Et
654 785 757 808 nunc
787 771 880 821 quid
908 770 977 807 tibi
1003 770 1058 806 vi-

42 850 120 876 sum
141 843 197 872 est
215 835 355 871 iterare
372 834 570 879 malitiam,
591 834 779 870 innovare
797 833 926 869 denuo
943 845 1061 882 super

44 906 78 935 te
99 896 176 933 dies
197 895 346 931 malos?
368 894 469 943 Quid
493 894 610 931 modo
632 895 691 931 vel
720 895 816 931 lucri
838 894 1057 944 amplioris,

42 958 98 996 vel
128 956 301 994 certioris
329 956 411 1007 spei
434 956 579 993 arridet
605 955 698 992 tibi?
721 956 792 992 nisi
813 955 918 1005 quod
945 956 983 992 iu
1013 968 1059 992 eo

1128 344 1465 390 Reconciliamini‚
1486 345 1667 395 inquam,
1692 345 1795 382 orbis
1817 346 2078 396 principibus,
2101 361 2148 383 nc

1128 405 1226 442 forte
1248 405 1406 456 incipiat
1425 419 1498 455 pro
1519 407 1571 442 eis
1590 420 1763 456 pugnare
1787 406 1892 443 orbis
1919 415 2029 443 terrae
2053 420 2148 443 con-

1128 473 1186 502 tra
1219 466 1446 503 insensatos.
1491 471 1550 504 An
1582 467 1734 504 nescitis
1767 467 1856 517 quia
1893 467 1950 503 liis
1991 468 2148 504 offensis

1126 527 1220 563 nihil
1243 527 1403 563 omnino
1427 528 1576 571 valetis,
1594 528 1651 565 his
1672 528 1851 578 propitiis
1873 528 1965 564 nihil
1988 530 2147 565 omnino

1126 587 1266 624 timetis
1282 589 1297 623 ἶ)
1313 592 1397 625 Nou
1410 617 1420 632 ,
1439 588 1596 638 inquam
1611 618 1620 635 ,
1643 602 1721 625 non
1743 588 1893 625 timebis
1916 588 1987 625 sub
2008 590 2146 626 horum

1125 650 1243 686 tutela
1278 649 1396 686 millia
1425 650 1561 700 populi
1584 650 1857 687 circumdantis
1887 659 1946 696 te,
1970 650 2062 687 urbs
2089 652 2144 687 in-

1125 711 1239 760 clyta,
1261 710 1394 747 civitas
1413 711 1858 749 fortium.Recouciliare
1876 711 2041 762 proinde
2058 712 2146 756 illis,

1125 772 1239 808 simul
1261 780 1299 808 et
1329 771 1499 808 millibus
1521 781 1760 822 martyrum,
1784 772 1851 822 qui
1872 773 2027 822 quidem
2046 773 2150 823 apud

1127 839 1182 877 te,
1205 830 1272 867 sed
1293 839 1429 868 contra
1448 839 1483 868 te
1502 840 1592 868 sunt
1610 841 1773 882 propter
1786 832 1931 881 grande
1948 841 2149 883 peccatum

1128 892 1233 942 quod
1253 893 1439 942 peccasti,
1465 893 1503 929 in
1525 907 1603 943 quo
1619 902 1656 930 et
1674 894 1860 944 persistis.
1883 895 2149 931 Reconciliare

1129 954 1242 990 etiam
1277 954 1384 990 omni
1411 955 1591 992 Ecclesiae
1621 963 1843 991 sanctorum
1864 983 1873 999 ,
1908 955 1974 1004 qui
2007 954 2151 1005 ubique

43 1017 244 1057 novissima
266 1025 329 1053 tua
356 1026 570 1054 cernuntur
600 1017 816 1053 incautiora
842 1015 1054 1067 prioribus,
1075 1015 1102 1049 Β
1126 1024 1315 1052 terrarum
1353 1015 1486 1053 audito
1514 1016 1589 1053 1100
1612 1016 1733 1053 verbo
1765 1016 2011 1053 scandalizati
2047 1025 2148 1053 sunt.

43 1077 141 1130 quod
171 1085 262 1114 tunc
289 1078 446 1127 quidem
468 1092 547 1115 non
576 1079 700 1115 solum
724 1078 833 1115 multi
855 1077 901 1113 de
923 1076 1054 1127 plebe,

43 1138 105 1178 sed
119 1138 233 1175 etiam
261 1138 308 1175 de
328 1139 451 1185 clero,
479 1148 517 1176 et
544 1139 591 1177 de
610 1138 855 1190 principibus
876 1138 1057 1174 nonnulli

43 1212 108 1252 per
123 1197 255 1236 orbem
277 1199 316 1235 in
334 1199 536 1236 schismate
556 1200 622 1236 illo
644 1199 821 1236 faverunt
839 1198 907 1234 tibi
925 1213 931 1234 :
953 1211 1057 1234 nunc

42 1273 129 1299 vero
151 1268 248 1296 sicut
264 1274 400 1297 manus
422 1269 495 1297 tuae
516 1269 651 1297 contra
667 1273 824 1306 onmes,
847 1273 900 1295 sic
921 1272 1057 1295 manus

44 1321 210 1360 omnium
235 1329 370 1357 contra
401 1329 449 1358 te.
472 1321 640 1358 Mundus
661 1329 717 1357 est
738 1334 759 1357 a
779 1320 964 1369 sanguine
990 1328 1056 1355 tuo

44 1380 204 1419 mundus
226 1381 350 1418 omnis
366 1411 376 1428 ,
397 1390 539 1431 praeter
562 1389 597 1418 te
619 1382 763 1427 solam,
790 1389 828 1417 et
849 1381 946 1417 tilios
972 1389 1057 1416 tuos

44 1442 156 1494 quiin
177 1450 214 1479 te
231 1450 332 1478 sunt.
350 1445 415 1479 Vae
435 1455 527 1491 ergo
544 1455 647 1478 nunc
669 1441 737 1478 tibi
752 1470 761 1487 ,
780 1441 925 1492 popule
948 1440 1058 1477 mise-

44 1501 170 1548 rande,
191 1510 230 1539 et
250 1515 309 1538 vae
335 1501 456 1552 duplo
477 1515 592 1552 quam
610 1510 699 1538 ante
714 1532 723 1549 ,
749 1515 828 1538 non
852 1500 899 1537 ab
920 1501 1062 1538 exteris

45 1562 282 1610 nationibus,
311 1576 391 1599 non
415 1576 436 1599 a
460 1562 609 1600 feritate
632 1562 912 1608 barbarorum,
938 1575 1017 1598 nou
1044 1575 1065 1598 a

45 1623 205 1662 millibus
225 1633 476 1662 armatorum.
498 1628 563 1662 Vae
587 1633 736 1661 tantum
755 1638 776 1661 a
794 1624 888 1660 facie
909 1632 1064 1660 tuorum

46 1685 131 1733 tibi3
157 1699 215 1723 vae
242 1700 263 1723 a
299 1685 519 1723 domesticis
552 1694 590 1722 et
619 1686 776 1731 amicis,
810 1699 830 1722 a
862 1685 970 1721 clade
998 1685 1062 1721 in-

47 1743 188 1792 testina,
209 1761 230 1784 a
251 1747 422 1784 cruciatu
438 1747 766 1798 praecordiorum,
786 1760 807 1784 a
829 1746 1062 1784 tortionibus

46 1807 241 1845 viscerum.

32 1871 33 1874 ’
95 1870 131 1906 5.
162 1869 400 1919 Agnoscisne
425 1867 507 1918 jam
528 1869 619 1919 quia
642 1882 721 1906 non
750 1882 885 1906 omnes
912 1868 1063 1918 pacifici

46 1929 107 1981 qui
133 1929 357 1977 domestici,
377 1944 448 1967 nec
469 1943 604 1967 omnes
625 1930 737 1967 amici
758 1929 824 1978 qui
851 1929 1063 1965 videntur?

46 1988 92 2028 Et
123 1991 154 2028 si
184 1991 276 2028 alias
300 2004 555 2038 noveramus,
585 1991 651 2028 sed
674 2003 779 2028 nunc
809 2004 880 2041 per
905 1999 941 2026 te
973 2004 1058 2026 ma—

34 2044 210 2094 nifestius
227 2051 438 2089 edocemur
454 2065 611 2089 omnem
634 2052 836 2089 veritatem
858 2051 961 2088 illius
984 2064 1061 2087 ser-

46 2113 163 2151 monis
195 2114 371 2161 Domini,
393 2127 509 2164 quem
539 2113 659 2150 dixit:
691 2115 882 2160 Quotll'am
906 2118 1056 2148 inimici

47 2174 198 2226 hominis
223 2177 418 2211 domestici
447 2176 527 2222 ejus
560 2182 586 2212 ¹.
612 2179 676 2212 Vae
699 2174 806 2210 fratri
832 2188 853 2211 a
876 2174 992 2211 fratre
1019 2174 1058 2210 in

48 2234 165 2272 medio
200 2235 276 2282 tui,
313 2244 351 2272 et
388 2236 472 2272 filiis
502 2249 523 2272 a
562 2235 809 2286 parentibus!
848 2249 903 2272 vae
932 2249 1010 2272 11011
1038 2249 1059 2272 a

48 2294 190 2344 gladiis,
213 2295 280 2332 sed
300 2309 321 2332 a
341 2295 450 2333 labiis
470 2296 614 2346 iniquis
635 2304 673 2332 et
693 2309 713 2332 a
738 2296 869 2345 lingua
898 2295 1031 2332 dolosa
1051 2298 1057 2332 1

46 2359 249 2407 Usquequo
279 2358 377 2394 male
403 2358 442 2394 in
476 2358 578 2394 malo
609 2371 680 2394 vos
707 2358 933 2394 alterutrum
962 2370 1058 2393 con—

49 2414 204 2464 fortatis,
230 2425 269 2454 et
297 2417 431 2468 gladiis
458 2417 650 2455 labiorum
673 2418 839 2455 invicem
862 2418 1055 2463 sternitis,

38 2476 200 2515 'invicem
228 2479 408 2529 perditis,
426 2488 470 2516 ut
492 2479 539 2516 ab
565 2480 731 2517 invicem
753 2479 1059 2516 consumamini?

40 2539 345 2589 'Congregamini,
366 2554 458 2578 oves
480 2541 676 2591 dispersae,
693 2540 815 2577 redite
833 2540 880 2577 ad
900 2554 1057 2590 pascua,

1124 1077 1307 1127 Alioquin
1330 1077 1468 1128 pagina
1497 1078 1569 1114 ista
1596 1086 1729 1114 contra
1758 1086 1794 1114 te
1822 1078 1861 1114 in
1890 1077 2150 1114 testimonium

1124 1139 1196 1175 erit
1230 1153 1237 1175 ;
1270 1138 1336 1174 sed
1361 1146 1398 1174 et
1425 1138 1497 1188 ipsi
1521 1139 1697 1189 Apostoli
1727 1148 1765 1175 et
1792 1147 1980 1188 martyres
2000 1139 2052 1174 tui
2076 1147 2154 1175 sta-

1123 1198 1223 1235 bunt
1248 1199 1286 1234 in
1309 1211 1446 1247 magna
1467 1199 1681 1235 constantia
1712 1199 1897 1235 adversus
1927 1212 1992 1235 eos
2020 1198 2086 1247 qui
2113 1211 2153 1234 se

1125 1259 1467 1307 augustiaverunt,
1517 1268 1555 1295 et
1599 1260 1665 1309 qui
1702 1259 1947 1295 abstulerunt
2002 1258 2155 1295 labores

1125 1333 1274 1356 eorum.
1293 1319 1365 1357 Sed
1384 1318 1464 1368 jam
1498 1320 1612 1356 finem
1641 1320 1827 1369 loquendi
1850 1333 1985 1356 01111105
2010 1320 2154 1369 pariter

1124 1380 1337 1417 audiamus.
1376 1380 1613 1417 Annuntiavi
1647 1379 1863 1429 justitiam,
1898 1380 2158 1430 praenuntiavi

1131 1442 1347 1492 periculum
1365 1471 1374 1488 ,
1394 1441 1596 1478 veritatem
1620 1455 1700 1478 non
1722 1443 1821 1478 tacui
1839 1471 1848 1487 ,
1873 1442 2047 1478 hortatus
2072 1455 2156 1478 sum

1131 1503 1179 1539 ad
1206 1503 1367 1540 meliora
1391 1517 1398 1539 :
1422 1512 1598 1553 superest
1630 1512 1673 1540 ut
1702 1512 1768 1540 aut
1805 1503 1852 1540 de
1883 1512 2010 1540 vestra
2044 1503 2156 1539 citius

1133 1564 1373 1601 correctione
1404 1564 1601 1611 laetemur,
1636 1573 1702 1600 aut
1731 1564 1778 1600 de
1801 1563 1906 1613 justa
1938 1563 2158 1600 imminenti

1134 1624 1385 1661 damnatione
1418 1625 1538 1673 certi,
1564 1625 1901 1663 inconsolabiliter
1930 1626 2127 1676 lugeamus
2144 1654 2154 1670 ‚

1134 1695 1351 1723 arescentes
1383 1694 1421 1723 et
1455 1685 1695 1724 tabescentes
1729 1701 1809 1738 prae
1846 1688 1983 1724 timore
2013 1696 2051 1723 et
2087 1701 2157 1724 ex—

1130 1748 1389 1799 spectatione,
1414 1762 1499 1798 quae
1516 1750 1793 1800 supervenient
1819 1750 2008 1787 universae
2030 1749 2128 1786 urbi.

1457 1899 1658 1909 ==w==========ae
1667 1900 2162 1910 ιιιῑικικιιικιιικιιικςιιιεηιιιιιπιι

1262 2022 1645 2080 EPISTOLA
1699 2011 2036 2081 CCXLIV.¹²

1274 2185 1323 2207 AD
1355 2185 1563 2208 CONRADL‘M
1596 2186 1725 2208 REGEM
1758 2186 2013 2209 ROMANORL‘M.

1127 2304 1284 2332 Hortatur
1311 2303 1433 2343 Regem
1456 2301 1496 2331 ad
1521 2300 1737 2332 defensionem
1767 2302 1962 2332 auctoritatis
1986 2300 2154 2344 pontificiae

1393 2355 1544 2387 adversus
1564 2356 1697 2388 rebelles
1712 2359 1887 2388 Romanos.

1186 2480 1217 2516 1.
1252 2483 1331 2517 'Nec
1371 2478 1545 2523 dulcius,
1583 2492 1653 2515 nec
1682 2477 1942 2523 amicabilius,
1977 2478 2042 2514 sed
2081 2492 2151 2514 1100,

1128 2541 1268 2578 arctius
1295 2540 1456 2576 omnino
1492 2553 1653 2588 reguum
1689 2538 2026 2587 sacerdotiumque
2056 2552 2150 2574 0011-

40 2598 161 2636 'redite
195 2600 242 2637 ad
273 2605 470 2639 Pastorem
503 2611 541 2639 et
570 2602 807 2652 Episcopum
843 2602 1055 2638 animarum
1077 2600 1235 2651 Djungi
1263 2614 1329 2638 seu
1359 2600 1613 2650 complantari
1644 2599 1682 2635 in
1718 2599 1881 2635 invicem
1912 2607 2147 2648 potuerunt,

48 2668 263 2698 vestrarum.
304 2662 441 2700 Redite
455 2691 465 2708 ‚
508 2663 845 2713 praevaricatores,
885 2663 932 2699 ad
976 2677 1055 2700 cor.

48 2721 153 2770 Quod
171 2723 322 2773 loquor,
350 2737 429 2761 non
456 2725 565 2774 quasi
585 2724 707 2761 hostis
726 2724 947 2760 convicians
960 2754 969 2770 ,
991 2724 1058 2760 sed

50 2783 150 2832 quasi
181 2784 324 2822 amicus
354 2783 576 2835 objurgans.
619 2784 745 2822 Habet
771 2798 863 2821 vera
892 2784 1059 2821 amicitia

50 2853 320 2893 nonnunquam
332 2843 660 2895 objurgationem,
679 2845 940 2882 adulationem
959 2858 1058 2882 nun-

51 2915 171 2952 quam.

43 2948 45 2973 Ι
101 2965 137 3001 6.
156 2965 228 3003 Sed
245 2965 445 3017 jungimus
463 2976 500 3004 et
525 2967 849 3005 obsecrationem.
863 2966 1058 3004 Obsecra—

44 3022 131 3070 {mus
153 3039 224 3076 pro
247 3027 420 3076 Christo,
450 3029 754 3067 reconciliamini
782 3032 884 3072 Deo,
922 3041 1060 3064 recon-

53 3086 226 3125 ciliamini
243 3089 484 3140 principibus
503 3091 660 3138 vestris,
682 3095 839 3128 Petrum
860 3090 1001 3139 loquor
1023 3097 1060 3126 et

99 3230 111 3246 ¹
126 3225 267 3260 Michaeae
286 3241 351 3270 vn,
375 3236 415 3271 6,
435 3238 466 3264 et
481 3232 600 3265 Matth.
617 3245 662 3272 x,
687 3235 745 3265 36.

1126 2676 1241 2713 quam
1258 2671 1299 2698 ut
1319 2662 1357 2698 in
1392 2674 1558 2712 persona
1584 2660 1741 2697 Domini
1765 2659 1878 2696 ambo
1907 2660 1986 2696 haec
2004 2660 2148 2709 pariter

1126 2723 1402 2769 convenirent3
1436 2730 1572 2772 utpote
1611 2721 1676 2771 qui
1708 2721 1828 2757 factus
1867 2730 1922 2757 est
1956 2720 2068 2757 nobis
2101 2735 2148 2757 ex

1125 2794 1290 2834 utraque
1328 2784 1430 2820 tribu
1468 2783 1680 2820 secundum
1719 2796 1872 2819 carnem
1911 2795 2083 2818 summus
2112 2791 2149 2819 et

1126 2845 1336 2889 Sacerdos,
1372 2853 1410 2881 et
1439 2848 1534 2881 Rex.
1566 2848 1649 2881 Nou
1677 2845 1800 2880 solum
1824 2852 1974 2888 autem,
2013 2843 2079 2880 sed
2111 2853 2149 2880 et

1126 2906 1367 2943 commiscuit
1394 2919 1438 2942 ea
1468 2905 1719 2942 nihilomiuus
1746 2919 1789 2941 ac
1809 2905 2092 2942 confoederavit
2112 2906 2152 2941 in

1126 2981 1196 3005 suo
1226 2980 1391 3017 corpore
1420 2967 1459 3013 *,
1486 2967 1592 3016 quod
1623 2975 1679 3003 est
1712 2967 1881 3017 populus
1901 2966 2147 3012 christianus,

1126 3028 1208 3078 ipse
1237 3036 1354 3078 caput
1383 3028 1486 3065 illius
1512 3043 1520 3064 ι

1128 3089 1341 3140 apostolica
1377 3102 1473 3126 voce
1501 3102 1619 3138 genus
1651 3092 1832 3134 electum,
1871 3092 1997 3138 regale
2024 3101 2150 3123 sacer-

1547 3028 1600 3064 ita
1629 3036 1672 3064 ut
1702 3027 1775 3065 hoc
1805 3041 1924 3077 genus
1948 3027 2149 3063 hominum

95 3287 111 3304 ⁸
125 3290 183 3320 Per
195 3292 384 3326 Anacletum
394 3295 578 3338 antipapam
592 3320 599 3334 ‚
621 3306 690 3338 quae
703 3306 753 3326 res
773 3294 962 3326 describitur
975 3293 1017 3325 ab
1034 3293 1173 3325 Ernaldo
1191 3293 1306 3325 abbate
1331 3293 1362 3324 in
1379 3292 1462 3324 libro
1493 3292 1632 3324 secundo
1655 3292 1694 3323 de
1714 3292 1789 3322 viia
1810 3290 1979 3322 Bel-nardi.
2001 3301 2033 3320 n.
2063 3291 2069 3318 1
2092 3312 2098 3319 ,
2122 3293 2150 3317 et

55 3339 137 3381 apud
149 3344 317 3377 Baronium
329 3358 413 3380 anno
438 3352 449 3380 1
462 3351 540 3381 130.
561 3367 607 3372 -
621 3349 637 3370 ¹³
658 3348 781 3391 Scripta
796 3358 880 3379 anno
891 3347 1009 3381 Christi
1032 3350 1042 3378 1
1056 3349 1134 3379 146.

187 3417 276 3441 Tou.
309 3420 336 3442 1.

2034 3401 2078 3437 17
