2565 3952
95 143 168 182 589

92 222 268 261 diffiteor.
301 221 360 256 Ita
388 215 571 254 convenit
601 213 712 251 vobis
740 213 886 264 pariter
913 220 951 249 et
981 211 1075 248 mihi
1098 208 1149 248 :²⁸

1012 132 1275 169 EPISTOLAE.

1155 209 1251 261 Gego
1274 211 1333 248 vel
1355 211 1523 247 tenuiter
1544 211 1714 261 suspicer
1741 210 1836 247 illud
1869 212 1915 248 de
1946 212 2010 248 tali
2039 212 2141 257 viro,
2163 221 2202 248 et

2123 132 2201 169 590

94 285 172 322 fore
204 279 368 326 credidi,
389 285 553 329 propter
573 274 680 326 quod
698 275 850 311 locutus
880 286 977 310 sum.
996 271 1111 321 Quod
1128 272 1160 305 A
1180 280 1286 308 tanto
1313 279 1488 308 amatore
1506 271 1728 308 honestatis.
1754 274 1802 307 Et
1823 271 1979 320 quidem
2012 271 2078 320 qui
2104 284 2200 321 pro—

91 346 143 384 ita
161 356 238 381 non
260 350 317 380 est
334 341 474 377 factum
489 368 499 385 ,
517 336 723 374 necessitas
747 335 836 372 secit
850 364 859 381 ,
882 348 962 371 non
981 333 1109 384 dupli-

35 444 37 446 ,
92 405 193 444 citas.
215 407 290 440 Res
312 401 351 438 in
374 397 607 436 discordiam
632 409 744 433 versa
774 403 842 432 est.
866 394 968 443 Quid
997 393 1106 439 dico,

33 471 38 502 ⁶.
91 467 129 504 in
149 461 400 502 discordiam?
418 457 634 497 Concordia
652 457 772 506 magis
790 456 872 492 fuit.
893 458 984 492 Tam
1012 467 1107 491 con-

91 524 254 564 corditer
286 520 481 558 discordes
516 518 564 556 ab
593 518 664 555 hac
693 526 825 555 nostra
862 514 1110 553 conniventia

91 597 222 625 omnes
240 580 388 620 inventi
407 589 518 626 sunt,
549 587 592 616 ut
621 592 692 616 nec
722 591 823 615 unus
843 575 1001 627 quidem
1024 588 1110 612 mo-

91 647 248 693 nachus,
267 645 346 682 sive
376 655 586 680 conversus
600 671 610 688 ,
631 649 774 691 praeter
794 639 892 676 duos
913 646 979 675 aut
1007 646 1082 674 tres
1097 665 1106 683 ,

90 709 155 762 qui
169 714 354 745 vestrates
375 712 507 750 erant,
529 702 765 753 acquieverit
786 700 980 738 assentire.
1010 702 1111 736 Ten-

91 769 250 810 tavimus
268 765 521 804 nihilominus
542 772 671 801 tamen
687 763 725 799 in
750 762 880 799 multis
905 773 1112 810 argumen-

91 831 156 878 tis,
173 841 275 866 nunc
289 825 527 864 blandiendo
540 853 551 871 ‚
571 837 676 861 nunc
692 822 896 869 terrendo,
912 820 1111 872 quomodo

90 905 149 931 res
165 890 344 928 effectum
365 887 593 934 sortiretur;
623 885 690 923 sed
717 894 760 922 ut
783 884 1036 930 unanimiter,
1061 883 1113 919 ita

36 975 37 981 ¹
90 961 128 992 et
151 950 398 1004 pertinaciter
423 948 671 987 obstiterunt.
689 951 892 985 Possemus
911 946 989 983 vim
1009 945 1110 981 sace-

60 1018 159 1052 ‘rez

187 1011 252 1050 sed
279 1011 333 1049 sic
361 1010 455 1048 mihi
487 1018 619 1061 parcat
640 1012 765 1056 Deus,
795 1007 994 1059 quomodo
1016 1020 1108 1057 par-

90 1068 208 1114 cendo
234 1073 288 1110 illi
320 1072 541 1118 omisimus,
571 1085 620 1109 ne
647 1071 767 1108 homo
788 1069 1034 1108 verecundus
1072 1076 1109 1105 et

89 1134 246 1187 pusillus
268 1133 386 1170 corde
419 1132 479 1184 (ut
506 1132 641 1184 nostis)
666 1141 704 1169 et
739 1133 904 1182 fugitans
925 1144 1044 1176 onus,
1069 1130 1109 1167 in

36 1215 38 1219 >
90 1196 162 1234 hoc
193 1202 301 1232 tanto
337 1192 494 1231 turbine
523 1202 753 1230 remaneret.
778 1197 873 1230 Nam
904 1200 1046 1243 praeter
1066 1205 1110 1228 ca

35 1281 41 1303 =‚
89 1271 171 1310 quae
200 1257 439 1293 extrinsecus
472 1263 581 1302 sunt,
613 1268 700 1305 quae
732 1253 926 1305 probastis
954 1262 991 1290 et
1022 1267 1110 1300 vos,

90 1331 203 1370 supra
222 1317 323 1354 vires
340 1316 424 1366 ejus
437 1350 440 1351 γ
453 1328 535 1353 esse
555 1315 687 1352 omnia
706 1314 954 1352 videbantur.
976 1317 1111 1364 Itaque

91 1379 263 1418 tollentes
300 1391 388 1415 eum
431 1390 519 1415 cum
560 1377 638 1414 suis
651 1406 660 1422 ,
693 1376 951 1426 imposuimus
991 1388 1108 1420 onus,

90 1439 191 1493 quod
206 1453 252 1477 eo
270 1439 392 1476 levius
407 1439 525 1475 ferret
538 1467 548 1485 ,
567 1452 645 1489 quo
666 1451 688 1475 a
704 1438 846 1474 nostris
862 1437 1008 1488 pariter
1021 1450 1112 1487 por-

90 1508 243 1539 taretur.
275 1502 343 1537 Est
365 1499 468 1535 enim
503 1499 611 1535 locus
641 1498 795 1535 noviter
830 1497 1031 1534 ordinatus
1062 1496 1110 1533 de

38 1578 43 1598 ;
90 1560 266 1600 fratribus
290 1560 454 1606 nostris,
478 1567 516 1597 et
534 1559 701 1596 vicinior
721 1557 834 1595 nobis
850 1587 859 1605 ,
884 1567 926 1595 ut
950 1557 1072 1609 possit
1089 1571 1110 1594 a

0 1697 43 1720 ’.εἱ

0 1764 43 1783 <tt

0 1818 43 1844 *vl

2 1938 48 1997 *3

0 2004 47 2040 tl!

13 2066 20 2088 ’1

0 2128 22 2151 t*
62 2110 64 2116 .

89 1622 198 1662 nobis
224 1621 370 1659 facilius
396 1621 645 1671 frequentari.
663 1624 721 1658 De
744 1619 949 1658 abbatibus
971 1619 1019 1657 ad
1051 1620 1109 1656 lo-

89 1697 172 1722 cum
189 1682 472 1734 pertinentibus
484 1711 494 1729 ,
511 1682 602 1732 quia
618 1695 815 1719 assensum
834 1690 1004 1719 vestrum
1026 1693 1106 1717 non

89 1743 328 1792 tenebamus,
346 1744 442 1781 nihil
459 1744 563 1790 ausi,
583 1744 741 1780 fratrem
764 1741 982 1780 Robcrtum
996 1772 1006 1789 ,
1027 1755 1106 1792 quo

91 1819 200 1844 nemo
222 1805 340 1856 magis
357 1804 522 1842 idoneus
544 1804 593 1841 ad
618 1817 774 1841 manum
793 1817 875 1841 esse
893 1812 986 1840 tunc
1001 1803 1106 1840 visus
1128 1804 1156 1841 C

35 1898 41 1910 .
90 1875 165 1914 est,
187 1867 278 1905 dare
295 1867 492 1904 voluimus
513 1882 521 1904 ε
541 1880 630 1903 cum
649 1880 879 1917 responsum
897 1874 954 1903 est
970 1864 1084 1903 nobis
1097 1895 1106 1912 ‚

90 1941 112 1967 a
138 1936 263 1966 vestra
294 1927 526 1966 discretione
560 1928 676 1965 fuisse
714 1927 968 1978 prohibitum.
1006 1926 1107 1976 Quid

89 1990 219 2042 plura?
237 1994 484 2041 Acceperunt
502 1989 721 2036 hominem,
740 1989 806 2039 qui
829 1997 966 2026 vestrae
979 2017 988 2034 ,
1012 1988 1111 2025 sicut

34 2044 64 2100 ξ’
91 2051 324 2103 accepimus,
346 2051 525 2102 displicet
550 2051 764 2090 Sanctitati.

140 2112 175 2150 3.
191 2116 269 2151 Nec
285 2113 380 2150 latet
397 2126 523 2150 causa.
541 2113 815 2159 Inhonestum,
833 2120 876 2148 ut
896 2111 1020 2159 aiunt,
1042 2125 1111 2162 pu-

12 2192 24 2211 ἐ
63 2171 186 2212 ¹blice
214 2173 453 2226 praedicatis,
486 2183 524 2211 et
559 2173 610 2211 ob
644 2173 897 2224 turpitudinis
928 2181 1058 2209 notam
1091 2186 1110 2210 e

51 2261 53 2265 .
90 2235 208 2286 priori
225 2236 460 2273 monasterio
478 2244 628 2272 trusum
644 2235 660 2249 *
672 2264 682 2282 ,
699 2235 761 2272 cui
780 2243 869 2271 ante
886 2235 1107 2285 praefuerat.

3 2313 23 2336 c:
63 2299 216 2335 :Potest
238 2297 292 2334 ita
321 2297 512 2334 exstitisse
541 2312 549 2334 :

2 2364 25 2398 [a

11 2437 27 2459 7

578 2310 660 2343 me,
690 2305 881 2346 quantum
913 2295 1110 2333 recordari

63 2350 68 2414 ξ
89 2359 214 2407 valeo,
232 2372 355 2410 usque
375 2358 424 2396 acl
441 2358 515 2395 hoc
533 2366 686 2409 tempus
706 2371 785 2395 non
803 2357 955 2394 audisse
973 2356 1110 2406 hujus-

57 2423 67 2446 '‘
91 2418 238 2457 cemodi
255 2418 421 2457 verbum
443 2419 490 2456 de
517 2419 585 2456 illo
602 2448 611 2465 ‚
627 2423 753 2456 Deum
785 2427 904 2455 testor
920 2427 958 2455 ct
978 2424 1109 2468 Ange-

0 2498 24 2522 ‘11
64 2474 69 2540 ᾗ
91 2479 146 2518 los
164 2479 261 2530 ejus.
293 2481 368 2519 Sed
385 2494 512 2531 neque
532 2481 615 2532 ipse
637 2481 951 2531 archiepiscopus
967 2481 1002 2526 *,
1025 2493 1110 2516 cum

0 2546 68 2599 {sfl
92 2553 176 2579 eum
192 2555 374 2580 amovere
393 2542 630 2580 omnimodis
651 2543 861 2589 niteretur,
878 2543 951 2579 talc
967 2541 1113 2592 aliquid

11 2622 25 2640 ⁴(
65 2620 68 2661 Ι
90 2603 150 2641 vel
176 2605 345 2656 scripto,
367 2605 428 2642 vel
451 2605 590 2642 nuntio
612 2603 726 2641 nobis
747 2603 957 2654 aliquando
990 2603 1110 2653 signi-
1131 2606 1222 2642 Diu
1251 2605 1308 2641 ira
1330 2603 1433 2654 apud
1468 2602 1562 2639 alios
1595 2600 1822 2638 diffamabit.
1848 2600 2007 2638 Habetis
2040 2602 2203 2640 formam

6 2676 16 2709 ,1

91 2663 225 2704 flcavit.
246 2670 379 2717 Egone
412 2665 665 2718 turpitudinis
686 2674 902 2704 assentator
916 2672 930 2687 ³¹
963 2665 1084 2701 forem
1101 2694 1110 2710 ‚

65 2719 69 2755 ¹⁸
92 2734 156 2764 aut
172 2727 392 2766 inhonesti?
411 2729 449 2766 Si
476 2729 531 2765 ita
561 2728 608 2765 de
634 2742 696 2765 me
722 2728 889 2774 sentitis,
911 2726 1040 2763 videte
1063 2739 1111 2763 ne

66 2785 69 2827 f
93 2796 252 2826 vestram
283 2803 441 2840 quoque
462 2790 740 2828 Excellentiam
765 2789 910 2840 pariter
936 2788 1112 2825 involvat

0 2868 25 2889 ’τι
55 2839 69 2879 ‘i
92 2846 163 2886 hoc
181 2850 357 2888 nubilum
391 2851 568 2902 :quippe
597 2851 664 2901 qui
690 2864 776 2888 cum
811 2849 1003 2900 ejusmodi
1034 2857 1111 2886 tam

16 2928 24 2939 ,
66 2918 71 2964 ς
93 2918 220 2949 notam
238 2912 420 2951 omnibus
440 2913 736 2950 familiaritatem
764 2921 880 2962 atque
907 2912 1111 2949 amicitiam

11 3055 52 3208 ζι

41 3213 51 3253 2

44 3302 48 3358 s
69 3292 72 3337 Ι

68 3347 73 3496 ᾗ

44 3518 74 3629 ¹

67 2972 206 3023 {semel
234 2973 392 3020 initam,
423 2982 532 3011 tanto
564 2973 694 3011 studio
725 2973 926 3023 hucusque
950 2973 1110 3010 fovistis.

66 3025 140 3077 lEt
157 3031 203 3069 de
222 3033 515 3085 archiepiscopo
537 3034 631 3085 quid
653 3034 802 3071 dicitis?
823 3033 916 3083 quid
939 3034 1112 3070 sentitis?

95 3103 140 3129 an
159 3093 292 3145 etipse
308 3108 424 3145 quem
442 3096 554 3132 talem
578 3096 693 3133 sciret
719 3094 806 3147 [nec
827 3095 933 3139 renim
961 3103 1114 3145 poterat

68 3206 70 3211 Δ
95 3153 258 3202 nescire,
273 3169 359 3193 cum
376 3165 493 3195 notus
506 3165 606 3195 esset
620 3171 668 3194 ex
682 3156 814 3208 longo)
832 3157 941 3207 prior
958 3170 1115 3207 promo-

69 3223 219 3267 ,veret,
241 3218 337 3254 etin
370 3218 456 3256 loco
486 3219 547 3256 cui
580 3219 661 3269 ipse
693 3219 924 3269 praefuerat?
954 3218 1114 3256 Minime

139 3348 151 3362 ²
167 3346 270 3385 Alias,
288 3348 393 3389 solor.

1177 334 1316 378 movit,
1342 334 1424 384 ipse
1453 341 1491 369 et
1522 333 1689 379 amovit3
1712 345 1790 369 non
1826 332 2047 381 negaverim
2082 346 2089 367 :

1177 395 1326 432 ratione
1339 394 1413 431 hoc
1430 394 1561 431 fecerit
1574 424 1583 440 ,
1601 393 1743 431 viderit
1757 394 1850 444 ipse.
1867 397 1962 430 Nam
1978 393 2109 429 multis
2125 391 2201 429 dis-

1176 456 1357 507 plicuisse
1374 456 1515 492 factum
1533 455 1802 505 cognoscitur,
1821 467 1962 504 nempe
1979 466 2051 490 nec
2079 452 2200 489 ratio-

1179 531 1289 564 nem,
1313 531 1385 554 nec
1406 517 1580 554 ordinem
1598 547 1607 564 ,
1628 530 1699 554 nec
1716 515 2039 553 consuetudinem
2063 514 2102 551 in
2120 512 2202 563 ejus

1177 579 1375 616 amotione
1410 577 1671 616 cernentibus.
1695 581 1859 615 Tantum
1891 575 2204 626 archiepiscopus

1178 639 1230 676 sic
1262 640 1408 686 voluit3
1439 648 1476 676 et
1505 652 1553 676 ne
1582 638 1899 676 contristaremus
1927 650 2039 682 eum,
2069 644 2204 673 nostro

1178 701 1335 738 hortatu
1356 702 1427 738 iste
1453 703 1492 738 in
1514 714 1609 752 pace
1629 700 1762 747 cessit,
1784 708 1821 737 et
1845 699 1952 736 dedit
1970 699 2100 736 locum
2123 698 2202 734 irae.

1233 762 1268 799 4.
1294 766 1425 801 Εηιιι11
1449 762 1535 800 (1100
1559 777 1567 799 :
1589 776 1637 799 ex
1653 775 1730 812 quo
1749 760 1797 798 ad
1817 774 1888 798 nos
1901 759 2059 796 intravit
2074 758 2090 773 *
2112 757 2203 810 (sic-

1179 832 1222 862 ut
1244 824 1507 862 testimonium
1529 823 1648 861 habet
1668 823 1715 860 ab
1741 821 1953 873 omnibusj,
1980 821 2074 858 nihil
2096 821 2137 857 in
2157 833 2203 857 eo

1180 886 1287 937 quod
1319 886 1563 937 promotioni
1598 885 1687 923 huic
1724 884 1920 929 obviaret,
1959 890 2203 933 compertum

1178 956 1246 985 est.
1270 947 1357 986 Sine
1389 948 1547 998 querela
1578 955 1829 984 conversatus
1860 954 1927 983 est.
1951 944 2090 983 Adhuc
2123 957 2204 981 non

2125 344 2202 380 qua

1127 1005 1154 1039 Β
1177 1010 1283 1047 deest
1310 1009 1460 1046 homini
1492 1010 1708 1046 litteratura
1743 1020 1984 1057 congruens,
2017 1019 2097 1043 non
2134 1005 2205 1044 do-

1177 1070 1318 1117 ctrina,
1347 1084 1427 1107 non
1459 1069 1685 1116 affabilitas,
1708 1082 1787 1106 non
1808 1068 1929 1118 gratia
1959 1067 1999 1103 in
2026 1067 2137 1104 vultu
2166 1075 2205 1103 et

1178 1145 1369 1169 sermone.
1392 1130 1466 1168 Sed
1495 1139 1673 1181 suspecta
1693 1138 1750 1166 est
1769 1128 1881 1165 vobis
1903 1127 2073 1164 brexitas
2103 1135 2203 1164 tem-

1179 1193 1305 1243 poris,
1324 1192 1429 1242 quod
1452 1191 1653 1229 nobiscum
1673 1192 1743 1227 suit
1764 1206 1770 1227 :
1788 1191 1912 1227 fateor
1929 1198 1967 1225 et
1988 1189 2093 1226 mihi.
2114 1193 2206 1227 For-

1180 1254 1288 1290 tassis
1308 1253 1408 1290 bene
1430 1253 1564 1289 faciet:
1583 1252 1753 1289 fortassis
1774 1251 1885 1287 male.
1908 1255 2055 1288 Vereor
2075 1251 2205 1287 omnia

1180 1327 1300 1364 opera
1320 1327 1405 1350 mea
1418 1342 1427 1359 ‚
1448 1322 1486 1350 et
1502 1312 1607 1363 quod
1627 1325 1771 1362 operor
1791 1324 1870 1347 non
1886 1311 2072 1360 intelligo.
2090 1310 2205 1348 [nde

1179 1384 1305 1412 certus
1324 1388 1403 1412 non
1424 1388 1507 1412 sum
1520 1404 1530 1422 ,
1547 1382 1695 1411 certum
1712 1387 1780 1409 vos
1796 1373 1920 1409 facere
1935 1372 2094 1408 minime
2115 1385 2206 1423 pos—

1179 1450 1277 1473 sum.
1298 1440 1456 1474 Factum
1480 1444 1559 1482 est,
1579 1443 1617 1472 et
1633 1434 1740 1485 quod
1761 1434 1902 1470 factum
1926 1442 2004 1479 est,
2029 1447 2107 1470 non
2131 1447 2205 1484 po-

1180 1505 1252 1534 test
1279 1510 1358 1534 non
1384 1497 1479 1534 fieri.
1505 1497 1541 1535 Si
1563 1496 1754 1546 propheta
1775 1495 1928 1532 fuissem
1945 1525 1953 1541 ,
1974 1508 2050 1531 non
2071 1495 2204 1545 profc—

1178 1567 1240 1596 cto
1258 1559 1429 1596 fecissem
1446 1557 1550 1594 unde
1568 1558 1731 1594 amicum
1751 1555 2009 1602 offenderem,
2030 1564 2203 1593 sanctum

1178 1619 1374 1658 turbarem
1387 1649 1396 1666 ,
1415 1620 1643 1670 episcopum
1668 1617 1979 1655 scandalizarem.
2000 1618 2102 1667 Quid
2119 1619 2205 1655 vul-

1177 1682 1224 1719 tis
1244 1691 1288 1719 ut
1315 1682 1476 1719 faciam?
1510 1681 1562 1718 sic
1593 1682 1735 1718 sactum
1768 1690 1823 1717 est
1855 1680 1918 1717 tali
1948 1681 2201 1726 necessitate,

1177 1743 1319 1793 talique
1341 1743 1489 1780 ordine.

1231 1807 1267 1842 5.
1290 1808 1382 1842 Hsec
1406 1804 1603 1841 excusatio
1619 1816 1716 1841 mea.
1737 1804 1772 1840 Si
1795 1804 1955 1850 sufficit,
1976 1806 2134 1842 tollatur
2157 1806 2202 1843 de

1178 1866 1306 1903 medio
1325 1866 1547 1903 scandalum
1568 1881 1575 1902 ε
1594 1865 1624 1902 si
1648 1865 1775 1902 minus
1789 1894 1798 1911 ,
1818 1878 1888 1915 ego
1901 1864 2091 1913 judicium
2116 1880 2207 1917 por-

1180 1936 1254 1965 tem
1269 1958 1278 1974 ,
1301 1927 1409 1978 quod
1430 1936 1468 1964 et
1488 1927 1602 1978 quale
1623 1926 1884 1964 decreveritis.
1914 1931 2006 1964 Nam
2040 1928 2067 1964 si
2100 1930 2206 1978 quod

1179 1989 1384 2035 (edificavi,
1421 1997 1497 2026 tam
1533 1989 1608 2026 cito
1641 1989 1782 2025 iterum
1819 1988 2038 2037 destruam,
2071 2004 2206 2040 grave3

1180 2051 1251 2087 nisi
1274 2051 1373 2087 forte
1397 2063 1511 2087 causa
1531 2050 1767 2087 com-eniens
1785 2051 2053 2100 supervenerit
2073 2067 2079 2087 :
2103 2053 2208 2102 quod

1180 2113 1340 2150 fortasse
1371 2126 1557 2162 processu
1590 2112 1776 2162 temporis
1807 2111 1980 2148 accidere
2007 2122 2147 2163 potest.
2172 2116 2206 2151 Si

1178 2175 1294 2211 vultis
1319 2188 1389 2210 vos
1422 2186 1604 2210 amovere
1636 2186 1748 2218 eum,
1781 2181 2011 2222 potestatem
2045 2174 2205 2213 habetis.

1179 2239 1263 2273 Xon
1284 2235 1451 2282 obsisto,
1481 2249 1560 2271 non
1584 2248 1644 2271 me
1675 2248 1836 2285 oppono
1865 2236 2042 2272 torrenti.
2069 2237 2206 2287 Inique

1181 2311 1258 2334 non
1285 2299 1356 2348 egi.
1382 2298 1418 2334 Si
1446 2297 1674 2347 insipienter
1694 2295 1842 2343 videor,
1870 2297 1907 2332 in
1938 2306 2124 2347 promptu
2151 2308 2207 2336 est

1179 2358 1290 2396 vobis
1310 2358 1571 2409 insipientiam
1598 2370 1720 2394 meam
1744 2357 1955 2406 corrigere,
1975 2367 2061 2404 aut,
2081 2359 2109 2395 si
2134 2359 2207 2396 hoc

1181 2421 1334 2471 dignius
1350 2420 1552 2470 judicatis,
1576 2419 1688 2455 etiam
1711 2426 1747 2454 et
1768 2418 1920 2468 punire.
1938 2419 2034 2456 Dico
2058 2428 2204 2468 tamen,

1181 2483 1211 2520 si
1233 2483 1318 2533 pie,
1341 2482 1370 2518 si
1389 2480 1594 2518 christiane
1616 2493 1764 2516 mecum
1784 2479 1925 2528 agitur,
1944 2480 2128 2530 corripiet
2144 2496 2206 2519 me

1177 2543 1306 2593 justus
1327 2543 1365 2579 in
1396 2540 1680 2585 misericordia,
1703 2548 1740 2577 ct
1770 2539 1987 2590 increpabit
2021 2554 2101 2587 me,
2125 2556 2204 2579 non

1181 2681 1304 2704 meam
1329 2666 1391 2703 hic
1405 2695 1414 2711 ,
1435 2665 1505 2702 nisi
1524 2673 1561 2700 et
1582 2664 1655 2700 1100
1670 2663 1926 2713 indignamini
1949 2664 2206 2713 przesentibus

1181 2728 1330 2766 litteris.
1355 2731 1502 2777 Nempe
1527 2733 1727 2775 comperta
1748 2738 1817 2774 lter
1838 2725 1932 2761 alios
1947 2754 1955 2770 ,
1979 2733 2015 2762 et
2037 2738 2114 2762 non
2136 2740 2206 2777 per

1180 2803 1251 2827 vos
1270 2798 1398 2827 vestra
1418 2787 1705 2838 indignatione,
1723 2795 1876 2823 cautum
1905 2785 2022 2823 habui
2045 2800 2123 2823 non
2142 2802 2205 2826 re-

1181 2850 1352 2903 pendere
1376 2850 1498 2886 vicem
1522 2864 1529 2886 :
1558 2848 1624 2885 sed
1652 2862 1741 2884 mox
1772 2847 1886 2884 x‘obis
1919 2847 1966 2884 de
1994 2848 2106 2886 vobis
2136 2863 2206 2900 per

1180 2912 1386 2964 praesentia
1407 2911 1549 2961 scripta
1569 2910 1768 2960 conqueri.
1792 2913 1847 2946 De
1877 2917 2014 2946 caetero
2043 2909 2207 2947 benedi-

1182 2983 1266 3012 ctus
1287 2978 1393 3012 Deus
1407 3002 1416 3019 ,
1437 2973 1556 3023 quiet
1581 2971 1655 3009 hoc
1676 2970 1782 3021 quod
1804 2970 1981 3014 dederat,
2001 2980 2038 3007 et
2064 2971 2110 3008 de
2128 2986 2205 3022 quo

1182 3034 1276 3072 1111111
1308 3034 1407 3070 forte
1432 3031 1725 3070 immoderatius
1754 3030 2001 3076 blandiebar,
2026 3033 2205 3069 solatium

1183 3105 1271 3134 ante
1301 3095 1447 3132 exitum
1480 3095 1566 3131 tulit
1594 3108 1601 3130 ε
1626 3102 1793 3130 vestram
1820 3093 1965 3129 scilicet
1991 3101 2028 3129 ct
2057 3093 2204 3130 domini

1184 3157 1258 3194 mei
1283 3156 1442 3206 gratiam
1467 3158 1497 3201 *,
1522 3164 1564 3192 ut
1588 3155 1648 3192 vel
1669 3154 1831 3206 proprio
1852 3155 2118 3204 experimento
2148 3154 2204 3191 (11-

1184 3232 1306 3265 scam,
1332 3230 1409 3254 non
1431 3230 1577 3268 ponere
1602 3230 1707 3266 spem
1730 3229 1852 3252 meam
1871 3216 1907 3252 in
1926 3215 2093 3251 homine.
