2517 3920
344 190 436 226 1071

341 267 435 304 tium
456 282 555 306 eum.
576 274 631 307 De
652 280 789 309 caetero
806 280 986 322 oportere
1005 280 1038 309 te
1054 285 1135 309 esse
1151 272 1349 309 considera

1107 197 1142 231 S.
1173 196 1428 231 BERNARDI
1457 195 1658 231 ABBATIS

1355 271 1402 289 ΔΗ

2311 201 2419 243 ,1072

1416 271 1597 307 christum
1625 269 1781 306 Domini
1804 285 1811 307 :
1834 278 2029 320 postremo
2062 272 2175 310 deum
2204 275 2420 315 Pharaonis.

343 327 504 364 formam
533 328 710 378 justitiae,
743 332 1002 369 sanctimoniae
1027 332 1222 382 speculum
1236 360 1245 377 ,
1270 331 1349 381 pie—
1365 331 1394 364 A
1419 329 1591 379 Intellige
1610 343 1696 378 quae
1716 329 1801 366 dico
1825 344 1832 366 ε
1855 329 1961 366 dabit
1976 330 2043 367 tibi
2064 334 2252 371 Dominus
2273 335 2422 373 intelle-

346 388 432 424 tatis
465 391 678 440 exemplar,
706 400 932 428 assertorem
955 392 1145 437 veritatis,
1168 391 1256 427 fidei
1286 389 1352 426 de-

345 447 558 495 fensorem,
594 450 789 488 doctorem
824 452 1018 500 gentium,
1051 451 1351 489 Christianorum

347 506 504 556 ducem,
539 511 701 547 amicum
747 512 883 561 Sponsi
899 540 908 557 ,
955 515 1111 560 Sponsae
1140 523 1350 559 paranym—

347 566 466 616 phum
480 597 489 615 ,
511 569 602 606 cleri
633 570 914 617 ordinatorem,
937 579 1126 620 pastorem
1157 568 1348 619 plebium,

349 628 569 677 magistrum
608 631 889 680 insipientium,
923 630 1109 678 refugium
1144 641 1351 678 oppresso-

349 700 433 724 rum
447 717 456 734 ,
473 702 687 740 pauperum
704 690 930 727 advocatum
945 718 955 736 ,
976 689 1201 725 miserorum
1220 702 1324 738 spem
1339 717 1349 732 ‚

349 755 514 785 tutorem
546 750 794 799 pupillorum,
809 749 977 798 judicem
1006 749 1206 785 viduarum
1224 777 1233 794 ,
1256 762 1352 786 ocu—

347 808 427 844 lum
466 822 652 845 caecorum
667 838 676 855 ,
714 810 881 859 linguam
923 817 1137 854 mutorum,
1173 807 1351 845 baculum

347 881 503 913 senum,
525 870 688 905 ultorem
723 870 930 913 scelerum,
962 869 1150 905 malorum
1183 877 1350 915 metum,

345 927 537 965 bonorum
557 929 713 977 gloriam
727 958 736 975 ,
754 929 895 978 virgam
914 928 1127 978 potentium
1139 957 1149 974 ,
1173 930 1352 966 malleum

346 996 617 1036 tyrannorum,
637 1002 766 1037 regum
789 997 936 1038 patrem
949 1018 958 1035 ,
980 989 1106 1038 legum
1128 989 1351 1026 moderato-

1419 397 1534 425 ctum.
1556 388 1632 427 Ubi
1655 389 1805 426 malitiae
1822 388 1956 439 juncta
1984 392 2156 440 potentia
2171 390 2253 438 est,
2279 394 2420 444 aliquid

1420 448 1487 484 tibi
1504 461 1618 498 supra
1638 449 1832 486 hominem
1848 451 2170 500 praesumendum.
2187 454 2322 490 Vultus
2337 463 2422 492 tuus

1418 521 1533 558 super
1553 509 1733 546 facientes
1751 511 1860 547 mala.
1876 511 2021 548 Timeat
2045 513 2220 561 spiritum
2241 513 2306 550 irae
2323 523 2396 552 tuae
2409 544 2419 561 ,

1418 568 1485 617 qni
1504 568 1700 606 hominem
1720 584 1797 607 non
1818 580 1992 617 veretur,
2013 572 2179 621 gladium
2197 587 2275 611 non
2292 575 2422 613 formi-

1418 627 1494 664 dat.
1512 628 1658 666 Timeat
1673 630 1885 667 orationem
1899 660 1908 678 ,
1928 632 1994 681 qui
2009 632 2311 671 admonitionem
2331 649 2423 673 con-

1420 688 1583 738 tempsit.
1599 689 1667 727 Cui
1680 689 1853 727 irasceris
1870 698 1911 727 tu
1923 720 1932 738 ,
1947 694 2070 728 Deum
2079 691 2150 728 sibi
2164 692 2302 730 iratum
2318 723 2327 741 ‚
2345 708 2420 732 non

1417 747 1612 786 hominem
1627 758 1748 799 putet.
1766 751 1837 799 Qui
1856 759 1891 788 te
1912 764 1991 788 non
2009 751 2189 799 audierit,
2206 753 2422 792 auditurum

1419 810 1542 844 Deum
1556 837 1566 855 ,
1598 818 1635 845 et
1666 819 1799 847 contra
1837 824 1876 848 se
1910 820 2055 861 paveat.
2084 812 2198 860 Quod
2235 813 2423 863 reliquum

1419 875 1491 913 est,
1512 867 1558 905 de
1585 868 1643 905 his
1668 883 1753 919 quae
1789 884 1903 921 supra
1931 880 1966 908 te
2001 880 2113 919 sunt,
2136 872 2326 910 incumbit
2346 874 2423 923 jam

1419 927 1628 978 disputatio
1659 945 1667 966 ε
1704 944 1818 980 quain
1849 944 1927 968 uno
1961 931 2082 978 libro,
2131 936 2212 969 Deo
2245 932 2424 982 adjuvan·

1420 996 1473 1035 te,
1494 990 1642 1026 solvere
1661 1002 1775 1040 spero
1789 1019 1798 1037 ,
1817 999 1854 1028 et
1874 1005 1934 1028 me
1954 992 2097 1041 pariter
2114 991 2313 1030 absolvere
2334 1007 2424 1044 pro-

344 1058 422 1081 rem
436 1074 445 1091 ,
464 1059 654 1083 canonum
672 1047 995 1097 dispensatorem,
1014 1048 1066 1085 sal
1095 1056 1226 1095 terrae,
1247 1048 1352 1086 orbis
1370 1048 1397 1082 Β
1418 1048 1596 1086 missione
1618 1062 1712 1087 mea.

342 1106 491 1151 lumen,
510 1106 745 1144 sacerdotem
766 1106 968 1154 Altissimi,
986 1107 1170 1144 vicarium
1192 1108 1351 1156 Christi,

338 1286 1378 1301 =========================================================================

1382 1291 2425 1304 =======================================================================

892 1476 1233 1565 LIBER
1333 1476 1860 1580 QUINTUS.

718 1902 896 1942 CAPUT
926 1905 960 1943 Ι.

334 2034 382 2063 De
400 2031 448 2063 his
462 2042 530 2073 quae
547 2043 641 2074 supra
660 2043 716 2063 nos
737 2039 808 2064 sunt
820 2058 827 2071 ‚
844 2034 876 2064 id
889 2040 935 2065 est
951 2035 989 2066 de
1013 2039 1081 2067 Deo
1098 2036 1253 2079 rebusque
1270 2038 1344 2068 ‹livi-

381 2086 429 2116 nis
440 2110 447 2124 ,
467 2086 745 2117 considerationem
759 2087 909 2127 instituit,
926 2089 965 2120 ad
981 2100 1058 2131 quas
1072 2090 1166 2121 modo
1187 2102 1243 2134 per
1262 2103 1343 2123 crea-

380 2147 465 2171 turas
486 2141 643 2182 erigimur.

391 2262 421 2298 1.
453 2261 557 2298 Libri
585 2263 818 2312 superiores,
847 2265 916 2301 etsi
948 2264 995 2302 de
1027 2266 1341 2305 Consideratione

330 2321 607 2369 inscribantur,
634 2323 842 2372 plurimum
864 2332 989 2361 tamen
1018 2326 1161 2363 habent
1182 2328 1342 2365 actionis

332 2383 543 2419 admixtum
558 2412 568 2429 ,
589 2382 680 2419 dum
699 2397 758 2420 res
779 2384 924 2434 aliquas
944 2399 1023 2423 non
1043 2387 1341 2425 considerandas

332 2451 479 2480 tantum
495 2473 504 2489 ,
520 2442 585 2479 sed
603 2444 766 2493 agendas
788 2444 928 2482 docent
943 2447 1003 2483 vel
1021 2457 1191 2485 monent.
1211 2452 1258 2486 At
1275 2450 1340 2499 qui

329 2504 368 2539 in
400 2502 575 2540 manibus
604 2504 719 2541 modo
752 2513 829 2552 cst,
859 2507 939 2543 sola
965 2507 1003 2543 in
1034 2508 1340 2546 consideratione

329 2563 555 2601 versabitur.
574 2568 665 2613 Quae
681 2566 782 2602 enim
803 2579 918 2616 supra
934 2576 1023 2604 sunt
1039 2568 1091 2619 (id
1106 2568 1260 2618 quidem
1281 2569 1340 2605 in-

329 2633 402 2661 stat
422 2624 452 2675 ³⁶)
474 2633 559 2661 actu
576 2638 654 2661 non
674 2626 863 2676 indigent,
882 2627 947 2664 sed
969 2628 1154 2678 inspectu.
1178 2632 1263 2666 Non
1285 2639 1340 2667 est

1143 1727 1769 1750 Θὲῧ--ὓψν-ῂ
1778 1736 1789 1746 <

1365 1911 1392 1946 C
1413 1901 1511 1938 mior
1530 1902 1600 1938 iste
1628 1902 1874 1952 praesentium
1904 1915 1947 1939 ac
1976 1901 2126 1953 dignior
2153 1916 2244 1941 usus
2271 1917 2419 1954 rerum,

1412 1976 1498 1999 cum
1511 1962 1624 2011 juxta
1641 1963 1866 2013 sapientiam
1884 1963 2010 2010 Pauli,
2031 1963 2234 2001 invisibilla
2252 1969 2337 2012 Dei,
2351 1981 2422 2016 per

1411 2037 1456 2059 ea
1475 2037 1562 2072 qtcoe
1573 2022 1684 2071 sacta
1704 2032 1801 2069 sunt,
1817 2025 2005 2059 intellecta
2019 2026 2306 2073 conspiciuntur.
2326 2029 2420 2064 Sane

1410 2082 1480 2119 hac
1507 2083 1606 2120 scala
1638 2083 1740 2119 cives
1768 2095 1847 2119 non
1878 2090 2010 2132 egent,
2033 2083 2099 2120 sed
2130 2085 2290 2122 exsules.
2308 2087 2419 2134 Quod

1409 2142 1506 2178 vidit
1520 2143 1600 2193 ipse
1616 2141 1731 2191 hujus
1749 2143 1946 2179 sententiae
1964 2151 2116 2191 auctor,
2135 2144 2201 2193 qui
2218 2158 2304 2181 eum
2322 2144 2418 2182 dice-

1410 2212 1467 2240 ret
1494 2203 1699 2240 invisibilia
1721 2216 1791 2254 per
1812 2202 1974 2240 visibilia
2003 2203 2196 2254 conspici,
2227 2205 2418 2255 signanter

1408 2266 1558 2314 posuit,
1579 2280 1603 2301 a
1631 2274 1803 2301 creatura
1823 2267 1954 2301 mundi
1974 2272 1999 2301 ¹.
2020 2267 2068 2301 Et
2087 2278 2176 2302 vere
2202 2266 2296 2315 quid
2322 2279 2417 2316 opus

1408 2324 1516 2360 scalis
1536 2324 1679 2361 tenenti
1690 2323 1770 2373 jam
1789 2324 1953 2361 solium?
1967 2327 2148 2362 Creatura
2164 2325 2250 2362 coeli
2264 2326 2327 2363 illa
2343 2334 2416 2372 est,

1407 2393 1547 2433 praesto
1574 2384 1719 2421 habens
1740 2398 1809 2434 per
1837 2384 1942 2434 quod
1969 2385 2099 2435 potius
2119 2385 2191 2422 ista
2211 2385 2416 2424 intueatur.

1406 2444 1519 2481 Videt
1538 2444 1728 2491 Verbum,
1752 2452 1790 2480 et
1811 2444 1850 2481 in
1868 2444 1997 2482 Verbo
2027 2445 2126 2482 facta
2145 2458 2216 2496 per
2235 2445 2414 2484 Verbum.

1406 2509 1483 2543 Nec
1501 2519 1598 2556 opus
1623 2504 1738 2542 habet
1765 2519 1813 2542 ex
1832 2505 1890 2542 his
1909 2519 1994 2555 quae
2011 2506 2107 2543 facta
2123 2514 2230 2554 sunt,
2251 2506 2415 2545 Factoris

1407 2566 1580 2603 notitiam
1616 2566 1845 2603 mendicare.
1876 2570 2008 2616 Neque
2037 2566 2139 2603 enim
2172 2575 2217 2603 ut
2242 2567 2303 2604 vel
2336 2567 2414 2617 ipsa

1407 2627 1577 2672 noverit,
1602 2627 1648 2663 ad
1669 2627 1751 2677 ipsa
1769 2626 1966 2664 descendit
1981 2657 1991 2673 ,
2012 2641 2098 2677 quae
2127 2626 2181 2664 ibi
2201 2628 2265 2665 illa
2289 2627 2411 2674 videt,

330 2685 435 2734 quod
448 2686 486 2721 in
507 2685 559 2722 eis
573 2686 702 2722 actites
717 2715 725 2733 ,
743 2700 827 2736 quae
841 2701 918 2724 uno
933 2688 1049 2725 modo
1064 2702 1216 2738 semper
1228 2698 1336 2737 sunt,
1353 2693 1386 2727 D
1406 2687 1472 2724 ubi
1492 2688 1604 2737 longe
1626 2687 1759 2724 melius
1781 2696 1870 2725 sunt
1897 2701 2012 2737 quani
2041 2688 2079 2724 in
2109 2701 2148 2725 se
2170 2687 2273 2738 ipsis.
2304 2687 2413 2726 Unde

330 2753 367 2781 et
395 2746 433 2781 in
461 2754 665 2792 aeternum3
684 2760 802 2796 porro
824 2749 950 2798 aliqua
976 2757 1013 2786 et
1044 2749 1091 2786 ab
1119 2759 1273 2788 aeterno.
1294 2755 1340 2788 Et

328 2804 402 2840 hoc
434 2806 544 2842 velim
575 2807 734 2843 solerter
775 2807 978 2856 advertas,
1009 2810 1068 2846 vir
1102 2811 1338 2859 sagacissime

327 2866 493 2913 Eugeni,
529 2867 617 2914 quia
646 2868 754 2904 toties
782 2870 1049 2919 peregrinatur
1079 2871 1335 2908 consideratio

329 2932 393 2961 tua
406 2953 415 2967 ‚
436 2926 584 2974 quoties
600 2926 647 2962 ab
668 2928 738 2964 illis
760 2929 872 2966 rebus
890 2930 936 2966 ad
950 2931 1020 2967 ista
1040 2931 1255 2968 deflectitur
1272 2932 1334 2969 in-

329 2983 469 3019 feriora
496 2992 532 3019 et
557 2984 736 3031 visibilia,
758 2987 836 3023 sive
857 2988 1039 3025 intuenda
1061 2990 1108 3026 ad
1137 2990 1332 3036 notitiam,

328 3044 407 3080 sive
427 3044 641 3093 appetenda
658 3045 705 3081 ad
724 3060 832 3084 usum
847 3077 856 3094 ,
873 3049 951 3085 sive
967 3063 1038 3099 pro
1055 3051 1182 3087 officio
1204 3051 1334 3101 dispo-

326 3103 452 3141 nenda
473 3104 531 3139 vel
563 3104 761 3141 actitanda.
784 3106 819 3143 Si
852 3116 976 3144 tamen
1006 3109 1055 3145 ita
1087 3119 1261 3147 versatur
1295 3111 1333 3147 in

327 3164 384 3200 his
399 3192 408 3209 ,
430 3172 471 3200 ut
499 3176 568 3213 per
588 3163 667 3199 liaec
686 3164 747 3200 illa
773 3167 963 3215 requirat,
983 3168 1084 3205 haud
1110 3171 1244 3220 procul
1266 3184 1333 3207 ex-
1360 3190 1363 3192 “

326 3226 434 3262 sulat.
458 3224 516 3262 Sic
537 3225 800 3271 considerare,
835 3228 1041 3277 repatriare
1074 3239 1129 3267 est
1150 3231 1179 3267 *.
1204 3232 1331 3270 Subli—

376 3358 543 3387 ι.1ὶ.0111,1,
566 3358 618 3384 Ἥ),

1405 2761 1475 2783 nec
1502 2747 1671 2784 medium
1697 2748 1858 2797 requirit
1887 2748 1934 2784 ad
1964 2761 2008 2784 ea
2034 2748 2210 2798 corporis
2231 2761 2381 2786 sensum
2402 2761 2410 2784 :

1405 2821 1536 2845 sensus
1557 2809 1638 2858 ipsa
1670 2807 1760 2855 sibi,
1782 2821 1820 2844 se
1842 2808 1923 2858 ipsa
1939 2808 2118 2845 sentiens.
2140 2808 2337 2858 Optimum
2353 2808 2413 2845 vi-

1404 2868 1518 2905 dendi
1539 2881 1656 2918 genus
1671 2896 1680 2913 ,
1700 2868 1728 2905 si
1751 2868 1893 2904 nullius
1914 2867 2083 2917 egueris,
2100 2867 2148 2905 ad
2176 2881 2290 2905 omne
2309 2867 2411 2918 quod

1403 2928 1557 2965 libuerit
1569 2936 1599 2975 ³,
1617 2938 1652 2965 te
1669 2928 2079 2978 contentus.fAlioq11in
2093 2927 2222 2977 juvari
2238 2927 2408 2969 aliunde,

1402 2989 1614 3026 obnoxium
1638 2989 1718 3026 fieri
1737 2998 1792 3026 est
1805 3017 1815 3035 ,
1839 2989 2042 3038 minusque
2059 3002 2079 3026 a
2103 2989 2274 3039 perfecto
2290 2987 2410 3035 istud,

1387 3052 1440 3087 'et
1454 3051 1578 3087 minus
1594 3050 1772 3087 liberum.

1456 3112 1490 3148 2.
1522 3111 1641 3160 Quid,
1661 3110 1766 3160 quod
1796 3119 1834 3147 et
1864 3108 2110 3147 inferioribus
2137 3111 2254 3160 eges?
2283 3121 2409 3146 nonne

1402 3180 1679 3221 praeposterum
1700 3172 1772 3208 hoc
1790 3179 1827 3208 et
1854 3171 2080 3220 indignum?
2100 3171 2216 3208 Plane
2236 3169 2409 3219 superio-

1402 3245 1484 3267 rum
1515 3231 1687 3282 queedam
1717 3231 1856 3281 injuria
1889 3240 1967 3277 est,
1997 3231 2223 3269 inferiorum
2254 3241 2407 3280 operam

1429 3364 1433 3373 ¹
1453 3361 1539 3391 xlia<
1563 3361 1686 3391 additui·
1705 3371 1799 3390 ncsfc.
