2517 3936
65 181 140 218 949

39 280 42 284 ·
65 259 137 292 libri
161 260 254 303 prinu
281 259 414 302 epistola
442 262 484 291 23
511 259 657 290 eumdem
682 260 808 298 laudat,
839 261 925 302 quod
947 276 961 287 «
982 272 1064 293 nova

67 329 80 342 n
97 314 262 346 seminaria
286 313 325 344 de
337 313 422 344 omni
438 324 550 355 genere
564 324 724 345 sacrorum
742 315 900 346 ordinum
917 331 929 342 »
946 317 1075 357 provin-

53 369 146 401 ‘ciam
161 367 220 400 sibi
238 367 435 399 commissam
452 367 607 398 seminare
624 369 797 406 statuisset,
821 369 915 410 idque.
928 381 993 411 jam
1012 381 1076 401 ma-

66 434 126 467 gna
142 434 182 454 ex
207 428 297 465 parte
323 422 521 464 perfecisset,
551 421 695 453 adductis
720 423 869 454 fratribus
897 435 935 454 ex
955 424 1075 455 Ordine

65 489 130 510 non
148 477 243 509 modo
267 476 486 513 Cisterciensi,
509 475 564 506 sed
583 476 678 507 etiam
708 479 1020 516 Fra—monstratensi3
1042 485 1072 510 et

67 530 318 566 Cartusiensibus
334 541 428 573 quam
441 529 577 572 primum
596 529 712 561 ibidem
731 531 940 562 instituendis.

115 589 176 618 701
199 588 240 617 D.
273 596 314 615 ΑΙ)
337 594 536 615 ΑΒΒΑΤιεεΑΜ
565 594 873 616 ramsnxmcssxsmt.
897 605 943 608 —
961 586 1077 617 Faber-

65 639 192 672 niacum
211 648 269 669 seu
300 638 510 669 Faverneium
525 662 533 676 ‚
555 637 735 669 coenobium
766 638 910 669 dioeeesis
940 639 1076 671 Bisonti-

65 693 194 732 nensis,
216 692 250 724 in
267 694 418 724 comitatu
438 691 632 734 Burgundiae
648 691 746 722 situm
761 716 768 730 ‚
789 692 927 734 primum
949 693 1077 734 quidem

66 748 100 780 in
119 747 250 791 gratiam
273 746 565 779 sanctimonialium
583 745 714 778 Ordinis
737 749 768 777 S.
788 746 953 778 Benedicti
972 747 1079 778 condi-

67 808 135 835 tum
157 808 227 841 est,
256 808 367 845 postea
393 812 489 839 vero,
520 810 593 831 cum
618 799 866 831 dissensionibus
885 806 917 831 et
938 800 1078 832 liberiori

67 856 252 888 monialium
267 856 340 887 vitae
353 861 477 898 pateret
491 855 592 893 locus,
613 854 708 896 injus
722 859 754 885 et
770 860 958 896 potestatem
974 848 1082 887 mona-

70 909 203 942 chorum
217 909 380 942 Casae-Dei
399 909 526 941 transiit
540 919 624 940 anno
644 911 731 940 1132
744 931 752 944 ,
772 914 804 939 ut
823 914 947 940 constat
975 920 1013 940 ex
1031 920 1079 941 se-

71 963 182 1007 quenti
212 963 385 1007 diplomate
399 986 407 1001 ,
443 963 528 1006 quod
560 973 599 994 ex
630 961 896 1004 chartophylacio
918 963 1079 995 Casae·Dei

69 1017 276 1062 proferimus.

71 1154 86 1167 ι-
106 1141 294 1172 Assaracus
326 1137 387 1170 Dei
415 1138 517 1181 gratia
548 1137 782 1170 Bisuntinensis
805 1137 1080 1181 archiepiscopus,

119 1209 136 1220 n
153 1192 329 1224 venerabili
353 1194 524 1224 Suu-mmo
541 1191 703 1226 Casae—Dei
721 1191 849 1229 abbati,
868 1191 1082 1233 fratribusque

119 1261 136 1273 n
153 1246 272 1278 ibidem
288 1249 358 1278 Deo
381 1245 606 1278 famulantibus
620 1270 628 1278 .
645 1245 775 1288 suisque
792 1244 1026 1276 successoribus
1046 1245 1082 1276 in

122 1315 136 1327 n
157 1305 362 1344 perpetuum.

120 1436 134 1449 υ
154 1425 202 1454 Ex
217 1421 382 1454 commissa
396 1423 489 1454 nobis
500 1421 651 1466 pastorali
665 1419 880 1454 sollicitudine
892 1425 1015 1462 oportet
1028 1430 1084 1451 nos

75 1490 91 1503 n
111 1475 152 1506 ad
177 1475 382 1508 ecclesiarum
409 1487 520 1519 pacem
551 1482 583 1508 et
610 1476 648 1507 ad
669 1474 832 1517 religionis
850 1475 1084 1505 incrementum

73 1542 88 1556 ι
107 1529 253 1572 pervigili
283 1541 363 1562 cura
387 1529 570 1573 providere.
605 1531 814 1572 Quapropter
833 1528 917 1559 illam
945 1526 1085 1558 nobilem

72 1596 90 1609 ν»
107 1583 388 1615 Faverniacensem
407 1583 595 1622 ecclesiam,
627 1593 697 1625 quae
716 1581 858 1624 antiquis
888 1579 1085 1623 temporibus

73 1651 88 1664 n
107 1637 259 1681 religione
284 1638 572 1670 sanctimonialium
600 1638 770 1676 floruerat,
799 1634 1014 1673 visitavimus,
1051 1639 1086 1664 ut

74 1706 88 1720 n
106 1693 173 1735 ejus
193 1692 384 1725 desolationi
409 1693 538 1735 aliquod
556 1692 742 1735 suffragium
761 1692 988 1735 praeberemus.
1007 1694 1087 1724 Cou-

73 1762 91 1775 »ι
108 1747 226 1779 vocatis
240 1747 349 1790 itaque
358 1747 478 1779 ibidem
498 1748 640 1790 ejusdem
657 1747 719 1779 loci
734 1746 898 1778 advocatis
911 1772 918 1786 ‚
937 1746 1085 1777 videlicet

74 1815 88 1828 n
105 1801 264 1834 Rainaldo
288 1803 439 1840 consule,
467 1802 609 1834 Widone
636 1802 676 1833 de
695 1801 910 1837 Junci-Vitta,
940 1808 972 1833 et
995 1804 1081 1833 Hen-

73 1870 88 1884 ιι
106 1855 172 1888 rico
185 1856 283 1888 fratre
298 1857 367 1899 ejus
381 1881 389 1896 ‚
409 1856 552 1889 Tebaldo
568 1856 607 1888 de
620 1856 861 1888 Rubro-Monte
871 1880 879 1894 ‚
902 1855 1080 1887 Humberto

75 1924 88 1937 n
108 1909 148 1941 de
169 1913 189 1943 J
193 1909 312 1942 usliaco
337 1916 368 1941 et
384 1910 546 1942 Ludovico
562 1910 658 1941 fratre
671 1910 751 1952 ejus,
768 1909 808 1941 ab
823 1909 907 1941 omni
922 1908 1081 1951 religionis

75 1978 89 1991 n
109 1964 196 1996 cultu
210 1963 365 2003 alienam,
388 1970 420 1996 et
444 1965 484 1996 ab
504 1964 616 1996 incolis
641 1964 706 1995 suis
721 1975 780 2006 pro
799 1963 989 1995 multimoda
1014 1974 1084 2006 per-

75 2017 290 2050 »turbatione
315 2019 475 2051 desertam
497 2019 685 2062 reperimus.
711 2021 832 2051 Nostra
859 2018 953 2060 igitur
972 2017 1083 2049 sollici-

77 2088 91 2101 ι·
110 2073 221 2105 tudine
251 2080 284 2106 et
305 2074 477 2106 illustrium
497 2074 638 2106 virorum
659 2073 878 2105 admonitione
905 2073 1059 2105 dissensio
1073 2097 1081 2110 ‚

75 2144 92 2156 τι
112 2139 182 2171 quae
200 2129 367 2172 praefatum
395 2130 498 2161 locum
525 2128 791 2160 exterminaverat
808 2153 816 2167 ‚
842 2132 911 2160 Deo
932 2134 1060 2159 auctore
1073 2151 1081 2165 ,

76 2198 94 2210 a
112 2182 279 2226 pacificata
305 2189 353 2215 est
370 2194 379 2216 :
411 2194 469 2226 pro
491 2182 645 2225 religione
662 2194 737 2214 vero
758 2183 880 2226 praefati
900 2182 959 2214 loci
989 2182 1085 2213 refor-

76 2252 94 2264 π
111 2237 228 2270 manda
244 2262 252 2277 ‚
288 2237 430 2281 praedicti
466 2238 610 2269 advocati
637 2237 885 2269 consuetudines
902 2237 925 2275 ,³
944 2247 1023 2279 quas
1052 2237 1084 2267 in

77 2307 92 2320 ι
111 2292 186 2324 villa
205 2293 450 2325 Faverniacensi
477 2298 507 2324 et
533 2292 614 2324 infra
645 2292 796 2324 terminos
816 2291 971 2335 parochiae
996 2292 1084 2333 ejus.

77 2359 92 2373 ι»
111 2345 178 2377 sive
199 2347 300 2388 justas
313 2371 321 2386 ‚
339 2347 407 2378 sive
425 2345 557 2388 injustas
581 2345 744 2377 habebant
757 2370 765 2384 ‚
780 2345 812 2377 in
826 2357 921 2377 manu
940 2344 1084 2377 Rainaldi

78 2413 92 2426 ι
109 2399 236 2431 comitis
271 2400 402 2432 omuino
430 2400 671 2443 deposuerunt,
708 2400 931 2442 vuerpiverunt
949 2423 956 2437 ‚
990 2404 1022 2429 et
1053 2408 1085 2428 se

78 2467 93 2480 ι
110 2463 272 2496 uunquam
295 2453 426 2486 ulterius
448 2452 640 2496 repetituros
655 2453 894 2496 abjuraverunt.
914 2453 986 2484 Illas
1010 2461 1086 2482 vero

79 2521 95 2533 »ι
113 2507 380 2546 consuetudines,
403 2518 480 2549 quas
498 2508 531 2539 in
554 2505 638 2537 villis
658 2507 851 2539 Faverniaco
879 2503 1087 2549 appendenti-

79 2575 95 2587 »
113 2560 174 2592 bus
204 2560 324 2593 habere
353 2562 560 2600 videbantur,
582 2560 728 2593 similiter
758 2562 791 2592 in
820 2572 915 2592 manu
945 2560 1085 2603 ejusdem

79 2628 94 2641 n
113 2614 251 2646 consulis
267 2615 495 2658 vuerpiverunt
508 2641 516 2655 ‚
531 2622 562 2648 et
577 2622 693 2658 praeter
709 2615 831 2647 debitas
845 2615 1085 2657 abjuraverunt.

80 2682 94 2696 u
110 2668 184 2700 Illas
202 2680 278 2705 vero
294 2671 420 2703 easdem
442 2671 623 2703 Richardus
641 2670 680 2701 de
702 2669 991 2702 Monte-Falcherni
1010 2680 1087 2711 prze-

80 2737 96 2749 »ν
119 2727 166 2754 ter
191 2723 315 2756 debitas
330 2725 362 2756 in
381 2726 464 2756 villis
482 2724 724 2757 Faverniacensi
739 2724 877 2756 ecelesiae
902 2723 1086 2766 appenden-

81 2791 98 2804 »
115 2777 214 2817 tibus,
234 2778 267 2810 in
285 2790 380 2811 manu
407 2786 515 2812 nostra
541 2779 688 2823 deposuit
717 2785 748 2810 et
767 2777 926 2820 werpivit
946 2788 954 2808 :
981 2787 1087 2808 comes

81 2845 95 2858 ι
115 2837 220 2863 autem
237 2832 411 2865 Rainaldus
429 2834 676 2866 consuetudines
697 2846 713 2866 a
743 2833 901 2876 praedictis
927 2831 1086 2863 advocatis

80 2899 95 2913 κ
115 2885 150 2917 in
171 2897 228 2918 sua
257 2898 353 2919 manu
382 2887 540 2931 depositas
565 2888 597 2919 iu
623 2894 732 2919 nostra
758 2898 853 2918 manu
876 2885 1023 2923 donax-it,
1055 2890 1087 2915 et

81 2954 98 2966 n
117 2951 176 2972 nos
192 2943 262 2973 Deo
284 2947 315 2973 et
330 2942 431 2975 beatae
452 2942 565 2975 Mariae
585 2953 680 2985 super
704 2942 802 2973 altare
817 2940 1000 2972 obtulimus.
1018 2942 1086 2970 Hoc

81 3007 99 3020 a
115 2993 221 3036 itaque
233 3006 290 3037 per
302 2996 364 3028 Dei
386 2996 631 3028 misericordiam
650 2995 774 3038 expleto
790 3019 798 3032 ‚
819 2992 1083 3029 sanctimoniales,

82 3063 98 3075 υ
113 3049 218 3081 clerus
242 3056 274 3081 et
296 3051 434 3093 populus
449 3075 458 3090 ,
483 3050 595 3088 casati,
618 3049 764 3081 advocati
781 3048 850 3091 pari
867 3058 942 3078 voce
966 3053 996 3078 et
1012 3057 1084 3077 con-

83 3116 97 3129 ·
113 3113 208 3135 sensu
233 3105 488 3137 acclamaverunt
504 3129 512 3144 ,
529 3111 565 3136 ut
587 3103 726 3136 ecclesiae
743 3101 905 3134 Casae-Dei
922 3100 1088 3132 Favernia-

83 3169 98 3182 ι·
117 3156 219 3188 censis
245 3156 290 3189 ita
307 3158 453 3189 uniretur
473 3158 626 3193 ecclesia,
658 3163 692 3188 ut
714 3156 753 3187 de
770 3154 908 3197 capitulo
928 3152 1088 3186 (lasse-Dei

85 3221 98 3234 ¹·
115 3209 279 3252 perpetuis
299 3211 500 3253 temporibus
520 3211 618 3243 abbas
635 3215 811 3242 assumatur
824 3233 831 3247 ,
856 3218 873 3238 a
896 3217 959 3249 quo
982 3216 1089 3237 secun-

85 3275 100 3288 »
118 3261 195 3293 dum
225 3263 380 3296 Ordinem
406 3270 438 3297 et
467 3264 733 3297 consuetudinem
761 3262 897 3293 eeclesiae
930 3257 1089 3291 Casae-Dei

85 3329 102 3341 ›-
120 3317 382 3350 Faverniacensis
406 3326 534 3362 regatur
559 3317 700 3351 ecclesia.
732 3320 798 3349 Nos
827 3315 923 3357 igitur
954 3312 1090 3355 praefatae

86 3383 99 3396 n
118 3370 220 3414 plebis
236 3368 457 3406 voluntatibus
470 3374 611 3406 inclinati
625 3397 632 3412 ‚
649 3371 786 3405 ecclesiae
799 3369 960 3403 Casae-Dei
979 3371 1002 3399 1³
1005 3377 1090 3398 aver-

541 181 809 217 LECTIONES
836 183 1114 218 VARIANTES
1144 184 1203 219 ET
1232 189 1375 226 NOTAE
1403 193 1650 230 FbSlORES.

2055 208 2131 244 950

1144 279 1156 291 u
1176 267 1355 299 niaccusem
1373 270 1535 301 ecclesiam
1561 283 1631 303 cum
1647 274 1710 304 suis
1731 278 1922 318 appendiciis
1937 304 1943 316 ,
1961 283 2043 313 salvo
2061 297 2134 327 pou-

1144 334 1156 344 ·-
1179 319 1283 351 tiiicali
1308 322 1379 362 jure
1412 330 1441 353 et
1469 324 1682 356 ministrorum
1711 329 1797 368 ejus,
1830 333 1996 370 regi-udam
2023 348 2132 367 concie-

1144 388 1156 399 ι»
1176 374 1280 405 dimus
1297 399 1304 412 ,
1335 382 1365 407 et
1396 377 1520 409 abbatis
1555 380 1779 412 correctionem
1812 383 1919 415 abbati
1947 390 2104 420 Casae-Dei
2126 415 2133 426 ,

1145 441 1158 452 n
1175 427 1302 469 suisque
1328 431 1580 469 successoribus,
1605 433 1628 463 si
1658 433 1688 464 in
1711 435 1830 466 Ordine
1855 449 1910 468 suo
1936 445 2104 481 pet-caverit
2126 469 2133 481 ,

1145 495 1156 506 υ
1176 480 1240 512 fore
1258 483 1444 515 stabilimus.
1468 485 1497 515 Si
1513 497 1585 516 vero
1598 487 1686 529 culpa
1714 495 1775 518 taio
1800 492 1898 530 gravis
1913 494 2060 526 exstiterit
2076 521 2082 533 ,
2103 506 2134 529 ut

1145 548 1157 560 ιι
1174 534 1272 566 abbas
1289 536 1402 577 dignus
1417 537 1454 569 sit
1470 538 1664 580 depositione
1679 565 1685 577 ,
1702 542 1791 572 nobis
1810 544 1894 584 prius
1911 553 2031 578 ostensa
2047 551 2137 592 culpa

1146 602 1158 614 υ
1176 589 1223 619 vel
1257 590 1501 634 archiepiscopis
1532 593 1621 623 nobis
1658 595 1898 627 succedentibus
1916 623 1922 635 ‚
1954 600 1978 630 si
2018 602 2139 633 rebellis

1145 656 1158 668 ι·
1178 643 1333 675 exstiterit
1348 650 1377 675 et
1394 646 1562 678 emendare
1578 648 1712 679 nolucrit
1727 673 1734 685 ,
1758 656 1943 691 potestatem
1965 653 2139 696 deponendi

1146 711 1158 723 ¹·
1179 708 1249 728 eum
1271 699 1421 741 praedicto
1442 700 1547 731 abbati
1578 702 1789 734 concedimus.
1818 707 1858 735 1⁴1
1877 712 1979 737 autem
2004 719 2141 750 pra-sens

1145 767 1160 778 n
1180 753 1290 794 pagina
1311 754 1478 785 immobilis
1495 762 1672 797 perseveret
1686 780 1692 792 ‚
1711 756 1800 798 sigilli
1817 760 1914 789 nostri
1941 761 2140 803 impressione

1146 820 1160 832 ιο
1179 806 1382 849 insignimus,
1399 815 1479 839 etue
1495 809 1564 850 quis
1580 820 1648 840 cam
1665 809 1793 841 ulterius
1811 811 1977 853 infringere
1994 820 2136 852 attentet,

1146 875 1158 887 u
1179 861 1238 892 sul)
1257 863 1465 894 anathematis
1486 863 1610 894 xinculo
1627 863 1853 897 interdicimus.

1194 937 1206 948 n
1224 924 1324 965 Hujus
1339 925 1383 956 rei
1398 930 1489 955 testes
1507 931 1579 956 sunt
1591 925 1771 956 R'illehnus
1788 925 1826 956 de
1841 927 1956 967 Arguel
1969 953 1976 966 ,
1994 928 2089 960 wido
2103 930 2142 960 dc

1146 990 1159 1002 ιι
1177 978 1364 1009 Mertiniaco
1390 978 1648 1016 archidiaconus,
1677 982 1784 1010 Petrus
1815 980 1852 1010 de
1877 983 1977 1012 'l'reva
2007 982 2141 1014 decanus

1147 1044 1160 1055 n
1180 1032 1447 1075 Sancti-Stephani
1461 1058 1469 1070 ‚
1494 1036 1584 1075 Ilugo
1602 1033 1857 1065 Faverniacensis
1877 1035 2114 1067 archidiaconus
2131 1062 2138 1075 ,

1147 1098 1159 1110 ιι
1181 1084 1364 1116 Wotbertus
1381 1087 1618 1118 archidiaconiis
1633 1111 1641 1125 ‚
1658 1090 1749 1128 Hugo
1770 1087 1807 1118 de
1822 1089 1898 1120 Dola
1912 1114 1919 1127 ‚
1937 1092 2026 1130 Ilugo
2041 1094 2140 1121 Luxo-

1148 1152 1163 1162 ·›
1182 1137 1297 1169 viensis
1310 1139 1420 1177 abbas,
1436 1140 1533 1171 wido
1547 1140 1646 1171 abbas
1667 1141 1705 1171 de.
1720 1141 1920 1173 Charo-Loco
1934 1168 1940 1180 ‚
1958 1144 2139 1175 Lambertus

1149 1206 1163 1217 n
1183 1191 1277 1222 abbas
1289 1192 1327 1223 de
1339 1193 1600 1232 Clara-Fontana,
1614 1194 1709 1225 abbas
1721 1194 1759 1226 de
1774 1196 1977 1235 Morinionte,
1991 1199 2140 1228 warinus

1149 1260 1164 1270 n
1183 1245 1369 1287 Capelianus
1386 1270 1393 1284 ‚
1419 1247 1592 1278 Rainaldus
1617 1258 1721 1278 comes
1739 1272 1746 1286 ,
1774 1249 1948 1280 Fridericus
1975 1261 2076 1281 comes
2103 1251 2141 1282 de

1151 1313 1164 1325 n
1184 1300 1386 1338 Fontiniac0‚
1411 1301 1509 1332 wido
1537 1301 1576 1331 de
1601 1301 1791 1333 Junci-Villa
1819 1308 1847 1334 et
1871 1303 2025 1334 Heoricus
2050 1304 2144 1335 frater

1151 1367 1164 1379 n
1183 1353 1248 1394 ejus
1263 1377 1270 1391 ,
1288 1353 1446 1385 Tebaldus
1467 1353 1505 1385 de
1521 1354 1756 1386 Rubro-Monte
1771 1378 1779 1393 ‚
1801 1355 1996 1387 Humbcrtus
2019 1356 2057 1386 de
2074 1357 2143 1387 vis-

1151 1421 1166 1432 »
1184 1406 1270 1438 siaco
1290 1414 1321 1438 et
1339 1408 1515 1439 Ludovicus
1537 1408 1632 1439 frater
1651 1409 1731 1450 ejus.

1201 1484 1214 1495 ν)
1234 1472 1316 1500 Data
1338 1469 1472 1500 Bisontii
1489 1469 1521 1501 in
1539 1470 1603 1500 a‘de
1620 1469 1746 1512 capituli
1768 1470 2017 1502 Sancti-Joannis
2030 1496 2037 1508 ‚
2060 1483 2142 1503 anno

1153 1538 1166 1550 n
1184 1524 1223 1554 ab
1239 1524 1459 1555 lucarnatione
1474 1523 1600 1556 Domini
1616 1528 1692 1555 Jesu
1707 1524 1818 1555 Christi
1847 1528 1856 1555 1
1871 1528 1930 1555 132
1945 1550 1952 1563 ,
1971 1525 2144 1557 Indictiouc

1154 1593 1166 1604 n
1187 1577 1392 1616 duodecima,
1430 1578 1550 1609 decimo
1579 1578 1688 1620 quinto
1715 1578 1862 1609 kalendas
1885 1579 2030 1610 octobris.
2064 1595 2076 1606 n
2100 1598 2144 1602 —-

1152 1631 1235 1662 Vide
1258 1631 1349 1674 epist.
1371 1635 1445 1663 199.

1202 1688 1266 1718 709
1298 1689 1336 1716 A.
1366 1697 1407 1715 An
1430 1697 1572 1717 ALVISL'M
1602 1697 1860 1717 ATREBATENSEM
1887 1697 2074 1718 triscorcax.
2099 1705 2144 1711 —-—‹

1153 1738 1262 1770 Eidem
1292 1745 1357 1770 tum
1389 1739 1495 1771 abbati
1523 1740 1638 1782 scripta
1670 1746 1716 1771 est
1741 1740 1870 1782 epistola
1898 1745 1950 1771 65.
1977 1741 2144 1783 Episcopus

1151 1793 1209 1824 fuit
1235 1794 1275 1825 ab
1302 1804 1386 1825 anno
1418 1797 1499 1826 1131
1531 1794 1569 1825 ad
1600 1805 1715 1825 annum
1738 1796 1845 1832 1148,
1875 1805 1935 1834 quo
1957 1805 2038 1824 anno
2061 1794 2144 1836 apud

1149 1848 1396 1891 Philippopolim
1423 1847 1555 1879 decessit
1572 1854 1685 1879 octavo
1700 1848 1770 1878 idus
1787 1847 1929 1878 octobres
1946 1872 1953 1885 ‚
1972 1858 2008 1878 ex
2032 1850 2147 1878 Necro-

1147 1902 1229 1944 logio
1248 1902 1513 1945 Sancti-Dionysii
1529 1902 1612 1944 apud
1626 1905 1755 1933 Remos.
1772 1901 1846 1942 Ejus
1862 1900 1981 1931 obitum
2001 1906 2150 1931 memorat

1148 1956 1299 1988 Ludovici
1325 1956 1465 1988 Junioris
1487 1956 1621 1999 epistola
1641 1959 1682 1987 22
1707 1955 1792 1986 inter
1811 1954 2006 1996 Sugerianas.
2033 1953 2150 1985 Confer

1149 2011 1310 2054 epistolam
1333 2013 1412 2043 339.

1199 2074 1264 2103 709
1286 2075 1326 2103 D.
1346 2071 1399 2103 sed
1424 2081 1501 2113 quos
1526 2071 1599 2102 illuc
1629 2068 1783 2102 vocaverit
1803 2072 1898 2100 Deus.
1916 2087 1961 2091 ——
1984 2070 2145 2109 Quantum

1149 2131 1252 2156 reatus
1284 2124 1479 2156 contrahitur
1507 2136 1543 2156 ex
1570 2125 1637 2167 ipsa
1668 2123 1883 2166 professione,
1910 2122 1935 2153 si
1961 2128 2081 2153 tantum
2108 2133 2145 2153 ex

1149 2179 1212 2210 sola
1233 2178 1396 2210 vocatione
1411 2203 1419 2216 ‚
1450 2185 1482 2210 ut
1497 2178 1571 2209 alibi
1590 2178 1682 2209 etiam
1706 2183 1811 2208 censet
1834 2176 2014 2208 Bernardus
2031 2176 2063 2206 in
2085 2175 2148 2218 epi-

1149 2233 1236 2264 stolis
1268 2236 1328 2264 107
1358 2238 1387 2263 et
1414 2235 1475 2264 108
1492 2257 1499 2270 ,
1520 2233 1571 2274 qui
1595 2232 1671 2263 item
1697 2231 1840 2264 Novitios
1865 2231 1904 2262 ab
1930 2231 2050 2262 Ordine
2075 2231 2148 2261 defi-

1150 2287 1267 2319 cientes
1287 2287 1370 2318 inter
1397 2293 1551 2329 apostatas
1577 2292 1682 2318 censet
1707 2296 1848 2317 sermone
1874 2288 1915 2316 63
1942 2285 1973 2315 in
1997 2284 2146 2321 Cantica,

1150 2352 1181 2372 n.
1206 2346 1236 2372 ss.
1263 2341 1294 2372 Si
1318 2340 1357 2372 ad
1380 2341 1527 2372 laxiorem
1551 2346 1664 2371 statum
1690 2340 1766 2370 citra
1784 2338 1946 2381 apostasiae
1968 2339 2086 2369 crimen
2103 2349 2148 2369 re-

1150 2396 1272 2427 flectere
1297 2406 1360 2426 non
1378 2395 1464 2432 ticet,
1487 2400 1564 2426 teste
1584 2395 1676 2426 etiam
1698 2393 1860 2424 Bernardo
1881 2392 1911 2423 in
1934 2391 2082 2434 Apologia
2106 2391 2145 2422 ad

1151 2450 1354 2482 Guillelmum
1372 2473 1379 2487 ‚
1407 2459 1439 2480 n.
1460 2452 1502 2480 30
1516 2473 1524 2486 ,
1539 2447 1687 2479 licebitne
1703 2446 1734 2476 in
1760 2447 1826 2488 ipsa
1845 2445 1950 2476 stricte
1973 2444 2143 2475 viventium

1151 2503 1296 2535 societate
1316 2503 1418 2534 mollia
1431 2509 1460 2533 et
1480 2501 1594 2533 laxiora
1624 2501 1751 2542 impune
1767 2499 1876 2530 sectari
1892 2522 1900 2535 ‚
1920 2498 1951 2528 in
1965 2498 2143 2529 scandalum

1151 2557 1305 2595 fratrum,
1336 2563 1365 2588 et
1381 2556 1457 2587 recti
1483 2555 1600 2586 ordinis
1623 2553 1874 2585 detrimentum?
1896 2555 1935 2582 Et
1962 2558 2064 2582 tamen
2079 2552 2146 2583 haec

1151 2617 1199 2642 est
1225 2609 1429 2652 quorumdam
1459 2608 1567 2650 religio
1583 2632 1590 2645 ‚
1619 2606 1670 2648 qni
1699 2606 1732 2636 in
1758 2611 1823 2636 tuto
1849 2605 1950 2635 omnia
1974 2616 2039 2636 esse
2067 2605 2148 2636 arbi-

1152 2671 1285 2702 trantur,
1301 2664 1324 2695 si
1343 2663 1462 2695 eretz-ris
1482 2663 1609 2705 insuper
1622 2661 1736 2693 habitis
1750 2685 1757 2698 ‚
1775 2660 1985 2691 substantialia
2001 2665 2121 2691 servent
2138 2671 2147 2692 :

1151 2720 1241 2761 quasi
1263 2725 1375 2750 sanctae
1402 2716 1603 2749 institutionis
1622 2721 1652 2747 et
1674 2715 1752 2745 recti
1769 2713 1888 2745 ordinis
1910 2713 2032 2744 violatio
2048 2739 2055 2752 ‚
2082 2724 2143 2744 nou

1152 2774 1190 2805 sit
1219 2773 1343 2804 violatio
1369 2771 1589 2815 professionis;
1615 2776 1646 2801 et
1668 2768 1886 2800 substantialia
1917 2767 2063 2798 inviolata
2079 2777 2147 2798 esse

1151 2827 1269 2870 possint
1283 2851 1290 2865 ‚
1319 2825 1534 2857 accidentariis
1550 2835 1620 2855 cum
1635 2824 1740 2854 animo
1759 2821 1925 2863 corruptis.

1202 2891 1269 2920 710
1292 2890 1327 2920 C.
1347 2899 1388 2918 AD
1409 2897 1577 2917 mccixtzm
1607 2894 1786 2915 Errscormu
1804 2892 2014 2912 TULLENSEM.
2040 2900 2083 2904 —
2101 2884 2155 2912 In·-

1154 2942 1356 2984 scriptionem
1385 2940 1466 2971 hanc
1491 2939 1627 2970 restituit
1645 2937 1742 2968 codex
1763 2935 1960 2967 Corbeiensis
1975 2957 1982 2970 ,
1999 2933 2150 2965 Beruardi

1155 3001 1246 3027 aetate
1269 2995 1423 3037 scriptus:
1443 2994 1473 3025 in
1490 2992 1623 3024 antehac
1642 2991 1734 3023 editis
1752 2989 1925 3031 legebatur,
1942 2985 2148 3019 Adabbatem

1153 3047 1330 3093 quemdam.
1363 3049 1431 3079 Nec
1462 3052 1646 3088 conjectura
1684 3044 1764 3075 tituli
1794 3043 1868 3074 lexis
1905 3046 1969 3072 erat
1987 3064 1994 3078 ‚
2019 3050 2087 3070 cum
2115 3039 2147 3069 in

1153 3108 1299 3133 contextu
1313 3101 1451 3143 epistola?
1466 3107 1570 3142 agatui
1593 3099 1632 3131 de
1645 3099 1784 3142 professo
1809 3098 1873 3139 ejus
1890 3120 1897 3133 ,
1915 3096 1951 3127 ad
1966 3105 2056 3136 quem
2074 3096 2148 3124 Ber-

1152 3155 1271 3186 nardus
1299 3154 1428 3190 scribit,
1451 3153 1568 3185 scilicet
1593 3153 1775 3191 Willetmo,
1810 3150 1862 3192 qui
1891 3147 2057 3179 monachus
2083 3151 2149 3175 erat

1153 3209 1259 3240 forsan
1279 3208 1477 3250 Sancti-Apri
1491 3213 1546 3238 aut
1562 3204 1854 3239 Sancti-Mansueti.
1875 3199 2048 3233 Sanctitatis
2064 3208 2148 3227 com-

1153 3261 1294 3305 pellatio,
1311 3268 1342 3292 et
1358 3261 1455 3292 sancti
1474 3267 1504 3292 et
1520 3258 1772 3292 reverendissimi
1793 3255 1892 3287 Patris
1910 3252 1989 3283 tituli
2004 3249 2148 3305 episcopo

1156 3314 1270 3347 rectius
1295 3315 1501 3353 conveniunt,
1536 3324 1628 3355 quam
1656 3311 1770 3343 abbati.
1807 3308 1855 3340 Ad
1884 3304 2047 3337 Ricuinum
2073 3308 2144 3333 item

1157 3368 1287 3411 epistola
1311 3371 1366 3398 fit.
