2565 3952
38 171 45 179 .
73 141 144 178 185

992 145 1259 183 EPISTOLAE.

68 218 156 269 quia
193 229 272 253 non
301 229 458 266 possum
495 229 572 253 non
610 216 783 253 misereri
813 217 914 254 illius
936 218 1087 265 miseri,
1108 220 1140 239 ⁵⁰

2107 167 2181 204 186

66 292 138 329 pro
158 291 234 327 quo
245 276 324 326 jam
344 290 389 313 en
406 285 443 313 et
463 277 535 313 alia
555 277 638 314 vice
656 278 904 328 importunus
927 279 1086 317 forsitan
1104 284 1137 317 A
1154 307 1723 323 ‚mm-m....mnmnumffium.
1758 315 1845 326 ...m

65 347 243 391 precator
268 337 436 383 accessi,
471 337 678 375 Humbcrti
712 338 892 376 videlicet
922 340 1090 378 mendici

66 409 103 437 et
119 399 321 450 pauperis,
343 408 380 435 et
395 399 469 436 hoc
490 399 578 436 facti
602 399 648 436 de
667 399 805 446 divite,
831 401 937 450 quod
961 410 1017 438 est
1032 402 1087 438 in-

67 460 221 498 felicius.
240 463 326 496 Non
348 473 506 510 possum
529 473 606 497 non
628 461 795 510 compati
816 461 942 499 viduae
963 471 1001 499 et
1023 476 1088 499 or-

65 520 222 572 phanis,
243 519 309 556 sed
329 520 418 556 vivo
442 521 586 557 orbatis
608 529 735 571 patre,
759 522 864 571 quod
895 531 952 559 est
972 523 1088 560 mise—

65 580 232 619 rabilius.
256 581 407 618 Gratias
428 594 498 630 ago
523 580 632 618 vobis
653 594 725 631 pro
741 583 860 632 gratia
874 613 883 630 ,
906 597 1021 633 quam
1039 584 1086 621 de

65 641 134 679 hac
153 654 194 677 re
213 640 253 676 in
270 640 392 676 oculis
411 639 548 677 vestris
566 640 740 678 invenire
755 643 878 679 merui
893 671 903 688 ,
926 651 963 679 et
979 643 1084 693 quod

63 701 182 753 ipsius
202 699 408 738 Humberti
437 714 508 751 pro
538 714 577 738 se
606 701 810 752 dignanter
841 704 1085 754 acquievistis

63 775 193 799 veram
214 761 409 812 suscipere
433 761 722 809 defensionem,
747 772 785 800 et
813 765 918 814 quod
953 765 1084 802 falsam

65 822 247 860 adversus
269 822 395 873 ipsum
413 821 624 872 justissime
644 825 839 874 repulistis
871 827 1087 864 accusatio-

64 897 164 922 nem.
201 883 303 921 Illud
336 893 462 920 autem
501 884 607 934 quod
647 884 694 922 ad
733 887 1086 925 consummandum

64 943 214 997 pietatis
233 956 351 994 opus,
385 943 622 981 reddendam
646 946 760 982 uxori
797 954 834 982 et
856 946 986 984 liberis
1006 947 1088 997 ejus

1300 441 1679 499 EPISTOLA
1729 441 2041 506 XXXIX?

1154 706 1359 739 Diversorum
1384 720 1491 742 causas
1517 711 1705 744 Theobaldo
1734 715 1946 749 commendat.
1974 718 2120 760 Denique
2148 727 2182 752 ut

1201 775 1275 806 erga
1292 765 1478 808 episcopos,
1503 768 1628 799 concilii
1653 779 1746 800 causa
1764 769 1797 800 in
1821 770 1887 812 ejus
1914 771 2041 803 civitate
2065 775 2181 805 consti-

1201 825 1285 851 tutos
1297 845 1305 859 ,
1327 820 1502 853 honorifice
1518 829 1549 854 et
1564 830 1746 856 reverenter
1760 835 1793 856 se
1813 832 1897 867 gerat
1910 851 1918 865 ‚
1935 826 2095 860 hortatur.

1214 943 1246 979 1.
1277 944 1371 979 Cum
1398 944 1518 981 multa
1552 944 1647 982 milii
1676 956 1814 984 vestrae
1837 961 1926 998 erga
1949 962 2010 985 me
2047 949 2183 1000 digna-

63 1017 169 1043 suam
198 1003 460 1041 haereditatem
488 1003 760 1055 benignissime
787 1006 1087 1057 disposuerat153
1108 1013 1135 1048 B
1158 1001 1271 1038 tionis
1293 1002 1434 1040 indicia
1464 1004 1690 1054 praebeatis,
1708 1007 1781 1045 hoc
1812 1022 1872 1045 me
1897 1009 2061 1047 maxime
2097 1019 2180 1048 toto

63 1066 150 1104 satis
185 1065 317 1102 mirari
348 1079 428 1102 non
462 1079 617 1116 possum
647 1067 741 1117 quid
770 1068 1010 1118 impedierit,
1041 1077 1084 1106 ut

62 1136 136 1164 tam
157 1127 265 1178 pium
281 1126 444 1164 verbum
461 1137 634 1166 vestrum
654 1129 819 1166 necdum
836 1130 979 1167 factum
995 1144 1085 1168 con-

64 1197 236 1227 secutum
257 1188 316 1225 sit.

116 1250 151 1287 2.
185 1253 232 1287 Et
264 1249 419 1299 quidem
447 1251 485 1287 in
507 1251 592 1287 aliis
612 1251 855 1301 principibus
877 1252 907 1289 si
927 1252 1085 1302 quando

59 1309 223 1348 verbum
244 1311 428 1357 levitatis,
453 1320 518 1348 aut
535 1312 649 1348 etiam
667 1312 838 1349 falsitatis
866 1313 1085 1364 deprehen-

63 1370 211 1416 dimus,
235 1384 306 1408 nec
326 1384 490 1418 novum,
514 1385 584 1409 nec
606 1373 747 1410 mirum
770 1383 1007 1424 reputamus.
1036 1378 1085 1412 At

62 1445 154 1469 vero
181 1430 284 1482 apud
316 1431 496 1469 comitem
530 1432 794 1470 Theobaldum
826 1437 893 1471 Est
927 1443 964 1471 et
996 1438 1083 1472 Xon

61 1506 302 1543 nequaquam
325 1493 484 1530 omnino
502 1494 695 1544 patienter
711 1495 888 1532 audimus
910 1510 918 1532 :
939 1495 1018 1542 cui,
1041 1503 1084 1531 ut

61 1553 218 1599 dicitur,
250 1553 473 1605 simpliciter
502 1555 648 1603 dicere,
666 1555 799 1605 jurare
832 1565 910 1604 est3
932 1565 970 1594 et
998 1556 1082 1593 leve

62 1615 322 1662 mendacium,
345 1629 460 1666 grave
483 1616 698 1667 perjurium
727 1618 952 1668 imputatur.
976 1622 1083 1655 Inter

61 1677 224 1727 plurima
237 1676 381 1728 quippe
395 1677 582 1714 virtutum
601 1678 784 1729 insignia,
807 1692 893 1729 quae
914 1687 1082 1716 vestram

61 1738 271 1788 plurimum
305 1737 516 1776 nobilitant
555 1739 799 1790 dignitatem,
835 1749 872 1777 et
911 1749 1082 1778 vestrum

1155 1062 1265 1100 vobis
1297 1064 1437 1101 affectu
1467 1065 1685 1104 dilectionis
1719 1069 1915 1119 astringit,
1955 1071 2060 1120 quod
2092 1085 2180 1109 cum

1154 1123 1269 1160 sciam
1291 1138 1352 1161 me
1376 1134 1541 1163 vestram
1560 1126 1640 1176 jam
1663 1142 1735 1179 pro
1761 1130 1889 1167 multis
1911 1144 2044 1168 ausum
2064 1133 2179 1170 fuisse

1154 1184 1399 1235 interpellare
1416 1187 1649 1236 Dignitatem
1667 1218 1675 1235 ,
1698 1190 1738 1226 in
1756 1191 1864 1227 nullo
1888 1199 2015 1228 tamen
2043 1194 2178 1243 repul-

1153 1259 1237 1283 sum
1272 1260 1334 1283 me
1369 1249 1539 1286 memini.
1574 1250 1675 1287 Hinc
1711 1265 1789 1287 non
1823 1252 2017 1289 immerito
2054 1254 2176 1292 sactus

1152 1307 1357 1353 fidentior,
1377 1322 1510 1346 rursus
1533 1324 1605 1360 pro
1624 1313 1827 1349 Canonicis
1850 1312 1896 1349 (le
1924 1314 2178 1351 Larzicurte*

1152 1380 1230 1403 non
1254 1366 1394 1405 dubius
1415 1378 1595 1418 precator
1617 1371 1771 1409 accedo.
1802 1376 1888 1410 Non
1921 1373 2076 1422 quidem
2106 1388 2177 1424 pro

1154 1427 1328 1477 ipsorum
1348 1427 1435 1477 jure
1461 1443 1565 1466 nunc
1588 1445 1728 1482 precor
1745 1461 1754 1478 ,
1791 1432 1830 1468 in
1852 1441 2002 1470 tantum
2033 1436 2178 1486 quippe

1152 1487 1198 1525 de
1220 1497 1347 1525 vestra
1359 1488 1511 1538 justitia
1530 1499 1567 1527 et
1585 1491 1775 1541 legalitate
1791 1493 2009 1539 confidens,
2039 1504 2081 1532 ut
2108 1510 2179 1534 nec

1151 1549 1251 1586 hosti
1272 1558 1401 1587 vestro
1428 1551 1466 1587 in
1499 1561 1628 1589 vestra
1663 1554 1767 1590 curia
1794 1555 1990 1604 placitanti
2024 1556 2070 1592 de
2108 1571 2177 1595 suo

1145 1609 1232 1660 jure
1262 1611 1474 1648 timendum
1507 1625 1587 1650 esse
1622 1613 1840 1652 existimem
1876 1630 1883 1652 :
1918 1616 1984 1653 sed
2014 1617 2087 1654 lioc
2120 1627 2176 1655 est

1151 1672 1256 1722 quod
1275 1686 1347 1723 pro
1371 1673 1463 1724 ipsis
1484 1682 1522 1710 et
1541 1688 1628 1712 cum
1651 1676 1742 1726 ipsis
1758 1677 1882 1724 omni,
1905 1691 1979 1728 qua
2000 1692 2172 1728 possum,

1152 1732 1290 1771 absens
1333 1735 1615 1786 supplicatione
1662 1737 1830 1788 deposco
1846 1767 1855 1784 ,
1897 1747 1935 1775 et
1980 1739 2085 1789 quod
2123 1741 2177 1778 eis

60 1813 130 1850 per
150 1798 285 1836 orbem
315 1800 460 1837 clarum
494 1800 663 1838 reddunt
682 1810 720 1838 et
747 1801 897 1838 celebre
919 1814 1061 1838 n01nen
1075 1830 1085 1847 9
1108 1797 1134 1833 C
1156 1796 1317 1833 omnino
1340 1810 1421 1834 GSSG
1442 1799 1608 1847 CogssOVi
1634 1801 1890 1836 necessarium
1907 1830 1916 1846 ‚
1938 1809 1980 1837 Ut
2000 1801 2176 1840 VidGliCfi'l'.

60 1860 253 1911 praecipue
271 1859 450 1898 laudatur
469 1861 509 1898 in
527 1861 639 1899 vobis
660 1862 830 1899 veritatis
850 1862 1078 1900 constantia.

62 1923 153 1972 Quis
173 1936 264 1973 ergo
286 1936 356 1960 suo
380 1924 441 1960 vel
462 1923 640 1971 hortatu,
661 1925 720 1962 vel
744 1925 906 1962 consilio
929 1934 1079 1962 tantum

62 1981 181 2020 robur
202 1983 408 2020 firmissimi
429 1985 597 2034 pectoris
614 1985 731 2022 vestri
752 1999 937 2023 enervare
960 1995 1081 2023 tenta-

62 2043 138 2080 vit?
157 2044 265 2094 quis,
286 2044 444 2094 inquam
460 2073 470 2090 ,
492 2045 665 2083 veritatis
690 2046 729 2082 in
752 2046 862 2083 vobis
890 2055 963 2084 tam
992 2060 1080 2084 san-

35 2127 43 2130 -
63 2112 185 2151 ctum,
222 2112 298 2141 tam
326 2104 535 2153 eximium,
570 2114 647 2142 tam
679 2106 860 2144 omnibus
894 2106 1079 2144 imitabile

61 2165 301 2217 principibus
324 2167 568 2218 propositum
591 2168 756 2205 evellere
774 2182 841 2206 sua
863 2169 996 2206 fraude
1018 2182 1081 2206 co-

63 2236 173 2265 natus
193 2229 275 2264 est?
289 2228 511 2275 Fallaciter,
539 2243 618 2266 non
636 2231 825 2267 veraciter
843 2244 910 2267 vos
931 2230 1053 2280 diligit
1068 2259 1077 2276 ,

63 2288 325 2326 fraudulenter
359 2298 398 2326 et
430 2303 510 2326 non
544 2290 706 2328 fideliter
737 2290 850 2328 'vobis
884 2291 1078 2337 consulit,

63 2349 129 2399 qui
151 2357 223 2386 tam
246 2350 451 2400 gloriosam
473 2351 521 2388 de
550 2352 711 2389 veritate
742 2352 881 2389 famam
912 2361 1079 2390 vestram

63 2410 289 2449 obnubilare
310 2425 379 2449 sua
403 2412 613 2463 cupiditate
631 2414 831 2451 contendit
852 2429 860 2450 :
883 2415 975 2466 dum
996 2427 1082 2451 ver-

63 2470 154 2510 bum
174 2473 280 2523 quod
296 2486 339 2510 05
358 2482 530 2511 vestrum
550 2475 725 2512 locutum
746 2484 822 2523 est,
851 2484 887 2512 et
916 2475 1080 2513 verbum

62 2535 142 2570 Deo
170 2534 376 2584 placitum,
406 2533 518 2572 vobis
551 2535 729 2586 dignum,
762 2537 825 2587 pie
845 2535 1014 2586 justum,
1037 2549 1080 2573 ac

1149 1856 1196 1893 ad
1221 1865 1358 1894 vestrae
1391 1859 1612 1896 Serenitatis
1638 1860 1812 1906 vultum,
1844 1861 1958 1897 solito
1989 1862 2064 1898 illis
2098 1863 2175 1900 cle-

1148 1917 1378 1954 mentiorem
1402 1926 1516 1968 atque
1537 1920 1821 1970 promptiorem
1850 1920 2080 1972 indulgeatis
2108 1938 2174 1962 ac-

1149 1991 1297 2016 cessum
1312 2009 1321 2026 ,
1343 1988 1533 2030 quatenus
1554 1981 1671 2018 vicini
1701 1995 1837 2019 eorum
1869 1983 2043 2033 religioni
2066 1985 2174 2023 debi-

1149 2047 1226 2076 tam
1248 2039 1398 2078 discant
1423 2041 1606 2079 exhibere
1630 2044 1905 2090 reverentiam,
1925 2057 2010 2080 cum
2031 2059 2101 2082 vos
2119 2047 2175 2084 eis

1147 2099 1382 2139 benevolum
1413 2117 1494 2140 esse
1516 2106 1771 2154 cognoverint
1801 2121 1808 2142 ε
1839 2114 1876 2142 et
1901 2106 1930 2142 si
1963 2107 2048 2156 quis
2075 2108 2173 2146 forte

1148 2162 1313 2199 militum
1335 2177 1402 2200 seu
1418 2165 1682 2203 ministrorum
1701 2175 1920 2203 vestrorum
1940 2180 2000 2203 res
2017 2167 2173 2206 illorum

1148 2221 1288 2272 injuste
1307 2225 1538 2276 contingere
1553 2255 1562 2271 ,
1589 2235 1654 2263 aut
1676 2227 1844 2277 quietem
1860 2257 1869 2274 ,
1892 2241 2007 2277 quam
2031 2228 2068 2265 in
2089 2232 2172 2267 Deo

1147 2284 1288 2322 habere
1311 2285 1476 2333 debent,
1502 2288 1682 2326 infestare
1717 2290 1755 2325 in
1783 2290 1913 2339 aliquo
1946 2293 2172 2340 tentaverit3

1147 2358 1220 2395 pro
1243 2354 1347 2383 certo
1381 2360 1420 2384 se
1458 2348 1551 2385 sciat
1582 2358 1747 2386 vestram
1783 2349 1855 2387 sibi
1889 2349 1939 2387 ob
1964 2350 2064 2387 hanc
2090 2365 2170 2390 rem

1148 2407 1308 2456 gratiam
1330 2409 1552 2458 gravissime
1582 2410 1824 2447 redditurum
1848 2412 2050 2448 infensam.

1204 2468 1238 2505 2.
1257 2472 1354 2505 Item
1375 2469 1479 2506 aliud
1498 2479 1554 2508 est
1572 2471 1677 2520 quod
1693 2473 1857 2522 supplex
1883 2486 2016 2509 exoro.
2037 2477 2172 2524 Nuper

1148 2530 1246 2567 forte
1263 2544 1333 2580 per
1347 2534 1509 2568 Barrum
1533 2533 1749 2569 transeunti
1769 2533 1939 2569 occurrit
1961 2533 2055 2570 mihi
2080 2548 2169 2571 mu-

59 2590 160 2643 juste
180 2595 287 2645 pium
299 2624 309 2643 ,
327 2608 514 2633 evacuare
526 2625 536 2642 ,
556 2597 686 2633 nescio
715 2611 791 2647 qua
817 2598 981 2643 malitia,
1002 2610 1077 2633 no-
1094 2597 1128 2631 D
1145 2591 1216 2628 lier
1233 2591 1322 2628 satis
1340 2591 1556 2629 miseranda
1571 2608 1580 2639 3
1597 2593 1723 2629 anima
1744 2593 1889 2643 quippe
1911 2592 1994 2642 ejus
2010 2594 2049 2630 in
2071 2608 2172 2632 ama-

64 2655 184 2693 cendo
202 2657 364 2707 pauperi
383 2657 529 2708 satagit.
552 2657 724 2696 Obsecro
747 2672 817 2696 vos
837 2673 907 2710 per
927 2658 1079 2696 miseri—

64 2716 233 2755 cordiam
255 2718 348 2766 Dei,
380 2727 425 2755 ut
452 2718 627 2756 eamdem
662 2733 732 2756 vos
762 2719 1075 2770 consequamini,

65 2786 191 2815 cavete
224 2792 273 2816 ne
301 2778 500 2830 superbiat
538 2779 697 2830 impius,
730 2780 835 2817 unde
857 2780 1079 2818 incenditur

16 2866 18 2874 ,
65 2849 234 2889 pauper:
256 2848 294 2876 et
314 2840 388 2877 hoc
405 2840 535 2891 potius
563 2841 681 2891 agite,
706 2850 897 2891 quatenus
911 2841 1079 2892 promis-

66 2898 179 2937 sionis
203 2909 339 2939 vestrae
358 2902 501 2940 veritas
522 2903 787 2952 compleatur3
812 2917 888 2954 qua
909 2903 1079 2953 primum

66 2959 218 3009 quidem
244 2962 402 3000 domino
417 2969 433 2985 ⁸
448 2963 660 3010 Norberto,
678 2964 817 3001 deinde
838 2964 952 3001 etiam
969 2963 1081 3001 nobis

66 3020 255 3070 pollicitus
295 3025 384 3062 estis
398 3054 408 3072 ,
444 3025 713 3062 restituturum
755 3039 825 3062 vos
872 3023 1080 3065 Humberti

66 3079 320 3122 haereditatem
338 3085 422 3135 ejus
441 3094 480 3124 et
497 3086 628 3135 uxori,
650 3095 687 3124 et
708 3087 804 3125 filiis.
826 3087 970 3125 Valete.

1146 2652 1316 2690 ritudine
1333 2661 1432 2699 erat3
1455 2661 1492 2689 et
1514 2666 1597 2690 mea
1614 2667 1732 2703 super
1748 2655 1824 2690 suis
1847 2653 2049 2691 doloribus
2066 2669 2171 2693 com-

1146 2715 1269 2751 movit
1300 2714 1469 2760 viscera,
1500 2716 1665 2765 satisque
1698 2715 1775 2765 egit
1804 2715 1881 2752 suis
1909 2715 2090 2765 precibus
2125 2731 2169 2755 ac

1146 2776 1346 2826 lacrymis,
1368 2783 1558 2825 quatenus
1579 2790 1651 2826 pro
1680 2777 1763 2827 ipsa
1783 2776 1887 2827 apud
1909 2790 1979 2813 vos
2000 2777 2170 2817 interce-

1148 2835 1237 2873 dere
1259 2835 1453 2874 deberem.
1471 2840 1559 2887 Ipsa
1577 2846 1633 2874 est
1651 2851 1750 2874 uxor
1772 2837 1894 2875 Belini
1918 2838 2020 2875 illius
2041 2839 2170 2878 homi-

1147 2897 1206 2934 nis
1222 2898 1366 2944 vestri,
1397 2897 1437 2934 in
1457 2911 1573 2948 quem
1596 2898 1742 2935 dudum
1761 2897 1874 2948 juxta
1900 2900 2042 2936 malum
2066 2903 2172 2951 quod

1147 2958 1230 3008 ipse
1265 2958 1532 3005 commiserat,
1567 2959 1688 2996 multa
1721 2967 1757 2995 et
1785 2959 1915 3008 gravia
1937 2960 2168 3001 reddidistis.

1150 3018 1277 3057 Facite
1293 3032 1378 3056 cum
1404 3033 1448 3056 ea
1472 3019 1794 3067 misericordiam,
1824 3029 1868 3057 ut
1899 3029 1935 3056 et
1963 3034 2033 3058 vos
2066 3024 2170 3073 apud

1147 3083 1273 3117 Deum
1290 3093 1373 3116 eam
1391 3081 1607 3118 inveniatis.
2094 3076 2112 3092 ⁶

1203 3143 1238 3179 3.
1273 3145 1322 3179 Et
1356 3143 1445 3192 quia
1466 3144 1582 3180 semel
1611 3144 1730 3194 coepi,
1764 3145 1902 3193 loquar
1925 3143 2048 3180 adhuc
2079 3159 2164 3182 cum

1149 3203 1308 3241 domino
1322 3217 1422 3242 meo.
1446 3208 1490 3242 In
1506 3219 1624 3242 manu
1652 3205 1848 3243 Barrensis
1865 3206 2063 3254 Praepositi
2091 3205 2166 3242 du-

114 3337 128 3354 ²
141 3334 226 3366 Alias
237 3359 245 3375 ,
266 3335 397 3370 domno.
410 3337 495 3369 Vide
510 3338 673 3381 epistolam
693 3344 748 3372 56.
772 3360 808 3363 —
826 3341 842 3362 ¹³
857 3341 979 3383 Scripta
995 3351 1078 3374 anno
1096 3340 1213 3374 Christi
1235 3344 1246 3372 1
1260 3343 1269 3371 1
1281 3342 1337 3371 27.
