2517 3920
329 224 424 260 1515

320 310 358 338 et
376 301 576 351 pulchrum
599 299 721 336 valde.
744 303 790 336 Et
809 300 958 336 intuens
979 300 1180 349 diligenter
1200 299 1370 345 ῑςίῑυιη,68

1093 226 1127 259 S.
1160 225 1414 259 BERNARDI
1442 224 1644 259 ABBATIS

1376 298 1604 345 ⁰sacrificio,
1624 306 1770 335 secreto
1800 304 2070 346 percunctatus
2099 296 2145 333 de
2175 297 2407 333 conscientia

2307 219 2405 255 1510

320 360 486 397 =formam
513 369 550 397 et
575 359 917 409 compositionem,
940 373 1026 396 cum
1045 360 1180 396 fiducia
1202 359 1336 409 arripit
1355 367 1382 400 Α
1403 372 1483 403 sua,
1505 359 1700 395 confessus
1721 365 1799 399 est,
1828 365 1866 392 et
1886 356 2137 405 nonnegavit
2164 356 2316 392 illusum
2338 355 2409 394 sibi

324 434 439 470 opus,
462 420 568 470 prius
592 419 746 469 quidem
765 419 930 456 indicata
950 420 1098 456 visione
1116 418 1333 455 senioribus

324 479 523 525 fratribus,
549 479 681 529 paucis
701 487 839 515 tamen.
862 483 959 517 Sane
980 487 1101 515 totum
1116 507 1125 523 ‚
1150 478 1255 527 quod
1276 486 1333 514 at—

326 549 430 577 tente
459 540 607 576 notavit
638 539 684 576 de
714 541 820 584 loco,
849 548 886 576 et
913 539 1050 585 modo,
1079 548 1116 575 et
1137 539 1330 588 qualitate,

323 609 427 637 tanta
453 600 648 649 diligentia
678 599 915 645 observavit,
944 608 985 636 ut
1014 607 1169 649 peracto
1197 612 1328 648 opere,

324 661 464 696 factmn
489 660 573 696 viso
598 660 829 696 simillimum
858 667 1077 709 appareret,
1094 672 1137 694 ae
1158 658 1188 694 si
1209 667 1246 694 et
1260 657 1332 694 sibi

325 734 410 757 cum
432 724 563 769 Moyse
583 720 723 755 (lictum
742 718 905 755 audierit
922 733 928 754 :
953 720 1060 761 side,
1077 727 1115 753 uc
1129 716 1334 765 omniasa-

324 787 401 816 cias
420 783 622 816 secandum
645 782 854 827 exemplar,
873 781 975 826 qnod
995 778 1060 814 tibi
1081 788 1264 813 ostensum
1282 787 1337 813 esc

322 847 359 876 it!
389 847 547 876 monte&
565 839 709 876 Eodem
733 838 891 874 visionis
923 851 1060 887 genere
1091 837 1129 873 id
1155 851 1332 886 quoque,

322 901 426 950 quod
454 901 491 936 in
515 899 706 937 Saballino
731 899 844 934 situm
872 906 946 943 est,
975 906 1178 946 antequam
1203 898 1328 942 lieret,

320 968 596 1011 praeostensum
620 967 675 994 est
697 958 773 1003 illi,
797 970 873 993 non
891 956 1007 993 modo
1022 957 1250 1003 oratorium,
1266 957 1331 993 sed

320 1029 356 1056 et
387 1019 660 1055 monasterium
688 1026 826 1054 totum.

642 1143 819 1181 CAPUT
848 1142 1004 1183 XXIX.

341 1263 444 1294 Claret
461 1260 633 1303 prophetia}
653 1260 780 1302 spiritu,
803 1266 833 1290 et
853 1259 938 1290 omni
954 1258 1176 1290 miraculorum
1195 1257 1305 1300 gratia.

372 1386 433 1421 (34.
465 1387 700 1419 Transeunte
722 1381 786 1417 illo
809 1393 876 1430 per
894 1379 1097 1428 quamdam
1121 1380 1329 1425 civitatem,

318 1454 355 1482 et
373 1443 617 1481 multitudine
636 1454 769 1490 magna
789 1448 1044 1477 concurrente
1062 1440 1225 1485 adeum,
1241 1453 1330 1476 casu

317 1505 413 1542 vidit
430 1504 613 1553 juvenem
642 1504 743 1538 inter
770 1501 863 1537 alios
887 1499 1044 1535 videndi
1065 1513 1103 1535 se
1121 1500 1328 1537 curiosum.

315 1565 551 1605 Ascenderat
587 1562 752 1612 lapidem
766 1591 774 1607 ,
806 1570 843 1597 et
883 1569 986 1596 stans
1020 1573 1135 1609 super
1161 1573 1331 1597 summos

317 1626 517 1667 articulos,
536 1632 693 1660 extento
712 1622 831 1667 collo,
854 1621 974 1657 oculis
999 1628 1034 1656 et
1054 1620 1182 1655 animo
1210 1622 1330 1657 inten-

318 1688 412 1724 dens
432 1687 468 1722 in
491 1698 577 1721 eum
593 1712 602 1729 ,
622 1682 826 1733 quemdam
847 1682 902 1718 illi
926 1681 971 1717 de
989 1694 1091 1717 novo
1107 1682 1328 1718 Zaccliaeum

319 1745 534 1784 exhibebat.
548 1749 622 1782 »Nec
641 1743 750 1780 latuit
765 1742 1007 1787 Malachiam,
1025 1750 1157 1778 sancto
1175 1742 1329 1791 quidem

319 1808 463 1858 Spiritu
485 1806 697 1849 revelante,
715 1817 805 1840 vere
826 1804 933 1839 illum
963 1802 1111 1838 venisse
1132 1803 1170 1838 in
1194 1803 1330 1853 spiritu

1401 434 1469 470 per
1490 419 1680 456 somnium
1710 425 1822 453 nocte
1844 418 1935 466 ipsa.
1959 417 2027 454 Cui
2054 416 2256 466 injungens
2285 417 2409 466 poeni-

1402 480 1557 516 tentiam
1581 494 1588 515 ε
1606 497 1619 510 «
1639 482 1722 515 Non
1743 476 1948 522 debueras,
1966 494 1980 509 »
2000 477 2146 526 inquit,
2167 494 2181 509 «
2207 476 2322 513 hodie
2342 477 2410 513 mi-

1402 558 1415 573 »
1438 541 1638 586 lustrasse,
1658 538 1723 575 sed
1741 537 1957 574 verecunde
1977 545 2011 573 te
2034 536 2257 574 subtrahere
2278 537 2407 583 sacris,

1402 620 1415 634 ω
1436 609 1473 637 et
1491 600 1639 637 deferre
1663 599 1776 635 tantis
1798 606 1951 647 tamque
1979 598 2116 635 divinis
2135 597 2342 647 mysteriis,
2367 606 2410 634 ut

1400 679 1414 694 »
1436 661 1505 698 hac
1532 660 1744 696 humilitate
1768 666 1973 709 purgatus,
2004 658 2156 707 dignius
2175 658 2314 695 exinde
2334 658 2408 694 mi-

1402 739 1416 754 »
1438 722 1629 757 nistrares.
1649 736 1663 752 »
1683 723 1778 756 Item
1808 719 1878 754 alia
1900 719 1982 755 viee
2013 719 2249 755 sacrificante
2274 718 2359 764 illo,
2375 725 2412 754 et

1401 790 1534 818 orante
1560 782 1655 817 liora
1679 779 1870 826 sacrificii,
1898 793 1941 816 ea
1970 779 2126 829 quidem
2147 779 2347 817 sanctitate
2375 787 2412 815 et

1402 843 1569 892 puritate.
1603 841 1749 885 cordis,
1773 853 1848 889 qua
1874 841 2008 876 solitus
2033 848 2133 886 erat,
2155 839 2293 877 astanti
2326 839 2410 876 dia—

1401 916 1499 939 cono
1522 902 1601 938 visa
1622 909 1678 938 est
1699 900 1877 937 columba
1898 901 2041 937 intrare
2061 914 2130 950 per
2148 901 2351 937 fenestram
2371 900 2411 936 in

1400 962 1570 998 claritate
1590 974 1736 1010 magna.
1760 964 1812 997 Ea
1833 960 2009 997 sacerdos
2032 960 2276 1010 perfunditur
2292 968 2409 1007 totus,

1400 1036 1441 1059 ea
1463 1021 1738 1059 subobscurior
1755 1021 1908 1058 basilica
1931 1029 2009 1058 tota
2033 1021 2206 1070 refulget.
2224 1019 2410 1058 Columba

1352 1087 1380 1121 B
1401 1083 1732 1132 verQaliquandiu
1756 1081 2080 1128 circumvolitans,
2099 1080 2251 1117 tandem
2273 1080 2412 1117 residet

1400 1157 1514 1194 super
1532 1156 1684 1180 crucem
1703 1151 1790 1179 ante
1812 1142 1943 1179 faciem
1965 1141 2185 1178 sacerdotis.
2203 1134 2412 1190 Obstupuit

1400 1203 1605 1250 diaconus;
1626 1212 1662 1240 et
1680 1216 1823 1253 pavens
1850 1211 1928 1239 tum
1952 1215 2024 1252 pro
2045 1201 2213 1247 luminis,
2237 1209 2315 1237 tum
2339 1214 2414 1251 pro

1400 1265 1569 1301 volucris
1585 1265 1767 1309 novitate,
1783 1263 1886 1313 quod
1905 1263 1967 1299 illa
1983 1263 2030 1299 sit
2044 1276 2128 1298 rara
2143 1262 2224 1298 avis
2240 1262 2277 1298 in
2294 1270 2410 1307 terra,

1398 1324 1534 1360 cecidit
1566 1338 1682 1374 super
1706 1324 1838 1360 faciem
1872 1336 1999 1368 suam,
2029 1331 2068 1359 et
2099 1322 2162 1359 vix
2196 1322 2409 1372 palpitans,

1398 1399 1478 1422 sese
1511 1386 1656 1435 erigere
1689 1399 1803 1422 ausus
1835 1393 1909 1431 est,
1943 1385 2003 1420 vel
2031 1384 2187 1433 quando
2216 1383 2331 1420 officii
2352 1383 2410 1420 sui

1398 1446 1601 1482 necessitas
1618 1446 1838 1495 postulavit.
1855 1449 1945 1482 Post
1961 1445 2112 1481 Missam
2132 1457 2302 1481 seorsum
2322 1457 2412 1480 con-

1398 1515 1535 1542 ventus
1564 1520 1584 1542 a
1605 1505 1806 1552 Malachia,
1829 1504 1900 1541 sul)
1931 1504 2104 1554 periculo
2136 1504 2224 1540 vitae
2251 1502 2413 1552 jubetur

1399 1567 1618 1603 nullatenus
1663 1574 1852 1603 secretum
1890 1564 2058 1615 prodere
2092 1564 2196 1614 quod
2233 1564 2411 1610 vidisset,

1397 1627 1524 1675 quoad
1546 1627 1693 1663 viveret
1718 1627 1811 1676 ipse.
1833 1625 2052 1675 Aliquando
2080 1639 2166 1661 cum
2187 1625 2226 1661 in
2248 1626 2413 1663 Ardma—

1399 1687 1467 1723 cha
1484 1695 1582 1723 esset
1599 1701 1684 1723 cum
1703 1686 1869 1736 quodam
1889 1686 2120 1736 coepiscopo
2136 1698 2219 1732 sue,
2233 1685 2279 1722 de
2299 1694 2413 1722 nocte

1398 1760 1580 1796 surgens,
1604 1748 1721 1797 coepit
1754 1747 1957 1783 memorias
1983 1754 2225 1794 sanctorum,
2252 1759 2336 1796 quae
2370 1747 2410 1783 in

1398 1809 1618 1844 coemeterio
1642 1807 1947 1845 Sancti-Patricii
1967 1807 2097 1843 multae
2119 1815 2229 1854 sunt,
2261 1806 2411 1843 orando

318 1878 356 1906 et
377 1870 518 1905 virtute
542 1866 711 1904 Zaccliaei
725 1872 736 1886 ²
772 1864 1034 1902 Dissimulavit
1064 1872 1155 1900 tunc
1183 1868 1377 1916 tamem-C
1396 1869 1558 1905 lustrare
1577 1883 1584 1904 z
1603 1876 1639 1904 et
1655 1882 1742 1904 ecce
1771 1881 1892 1904 unum
1922 1867 1968 1904 de
1988 1866 2172 1904 altaribus
2198 1866 2325 1904 subito
2345 1880 2410 1903 ar-

319 1930 531 1977 tacitusque
561 1925 791 1976 pertransiit.
810 1928 996 1962 Caeterum
1016 1923 1055 1959 in
1078 1924 1243 1974 hospitio
1263 1939 1329 1962 ηο-

318 1998 376 2026 cte
397 1990 477 2037 ipsa
506 1986 674 2023 narravit
693 1984 896 2030 fratribus,
919 1986 1117 2034 quomodo
1140 1986 1245 2021 illum
1270 1985 1328 2021 vi—

320 2050 454 2095 disset,
476 2057 514 2085 et
542 2047 634 2097 quid
664 2045 901 2096 prffevidisset
924 2047 969 2082 cle
1000 2047 1077 2083 ills).
1108 2046 1180 2084 Die
1201 2055 1328 2082 autem

318 2109 446 2154 tertia,
467 2121 513 2145 en
532 2108 594 2143 ille
616 2120 701 2143 cum
719 2107 802 2142 viro
820 2106 987 2155 quodam
1008 2106 1149 2153 nobili,
1168 2107 1328 2143 domino

316 2184 407 2206 suo:
426 2170 492 2219 qui
509 2168 683 2218 aperiens
700 2176 833 2203 votum
855 2176 891 2204 et
912 2167 1141 2205 desiderium
1156 2167 1325 2217 J'uvenis‚

317 2230 498 2280 rogabat,
518 2238 559 2265 ut
578 2242 599 2265 a
619 2242 657 2265 se
675 2228 987 2265 commendatum
1009 2230 1179 2279 recipere
1199 2229 1329 2279 digna-

318 2299 436 2336 retur,
464 2298 501 2326 et
526 2288 668 2325 habere
695 2288 741 2324 de
768 2297 906 2325 caetero
928 2289 1029 2326 inter
1057 2303 1159 2326 suos.
1183 2293 1229 2326 Et
1253 2293 1328 2327 Ma-

315 2350 454 2387 lachias
485 2362 693 2399 agnoscens
728 2362 814 2385 eum
838 2364 845 2385 :
870 2366 884 2381 «
906 2353 990 2387 Non
1013 2359 1067 2387 est
1095 2364 1212 2400 opus,
1238 2370 1252 2385 »
1272 2351 1329 2388 in-

315 2411 399 2460 quit
411 2439 420 2455 ,
437 2428 450 2441 «
474 2418 516 2446 ut
535 2423 650 2459 quem
664 2408 745 2458 jam
761 2413 864 2446 Deus
882 2410 1186 2457 commendavit,
1211 2411 1329 2448 homo

318 2488 331 2501 »
353 2469 608 2506 commendet.
623 2487 636 2501 ³>
653 2470 1025 2520 Apprehensumque
1044 2484 1157 2508 manu
1173 2485 1239 2508 sua
1256 2480 1330 2509 tra-

315 2529 412 2567 didit
439 2529 566 2566 abbati
595 2533 777 2578 Congano
806 2539 960 2577 nostro,
983 2539 1021 2567 et
1046 2532 1110 2568 ille
1132 2532 1325 2570 fratribus.

316 2595 403 2640 Ipse
430 2604 523 2627 vero
551 2589 726 2639 juvenis,
762 2590 886 2627 adhuc
927 2591 990 2642 (ni
1030 2591 1161 2643 fallor)
1194 2593 1327 2631 vivens

1397 1929 1487 1965 dere
1518 1929 1773 1978 conspiciunt.
1795 1928 1920 1965 Ambo
1953 1928 2054 1964 enim
2085 1927 2267 1965 viderunt
2294 1928 2413 1965 visio-

1396 2002 1482 2024 nem
1512 1988 1610 2025 lianc
1640 2001 1836 2038 magnam,
1858 1997 1896 2024 et
1925 1987 2040 2024 ambo
2068 1988 2194 2025 mirati
2226 1997 2327 2025 sunt.
2363 1993 2413 2026 At

1395 2050 1599 2086 Malachias
1621 2050 1838 2099 intelligens
1861 2050 2009 2098 signum
2030 2062 2111 2085 esse
2139 2050 2265 2098 magni
2289 2049 2412 2085 meriti

1396 2111 1513 2157 illius,
1535 2111 1594 2147 vel
1613 2111 1789 2156 illorum,
1813 2124 1979 2160 quorum
2001 2110 2071 2148 sub
2097 2111 2207 2147 altari
2228 2111 2294 2147 illo
2323 2124 2411 2147 cor-

1395 2185 1490 2221 pora
1514 2171 1817 2220 requiescerent,
1840 2183 2016 2217 currenS,
2048 2179 2085 2207 et
2115 2184 2153 2208 se
2181 2170 2315 2208 mediis
2334 2171 2408 2208 im-

1396 2244 1571 2280 mergens
1593 2231 1767 2276 flaminis,
1785 2230 1962 2279 expansis
1981 2230 2145 2267 brachiis
2166 2244 2309 2268 sacram
2332 2244 2409 2268 am-

1395 2291 1569 2341 plexatus
1604 2299 1660 2327 est
1691 2305 1806 2327 aram.
1845 2290 1945 2339 Quid
1982 2290 2034 2327 ibi
2074 2291 2204 2327 fecerit
2223 2321 2234 2338 ,
2267 2292 2409 2341 quidve

1397 2352 1576 2397 senserit,
1602 2365 1716 2387 nemo
1746 2351 1813 2400 qui
1845 2351 1937 2388 sciat
1964 2366 1971 2387 :
2004 2350 2069 2388 sed
2107 2351 2212 2400 quod
2245 2352 2409 2402 amplius

1397 2411 1510 2447 solito
1525 2441 1534 2457 ,
1553 2412 1696 2448 coelesti
1716 2412 1802 2460 igne
1823 2424 2028 2448 succensus
2046 2424 2093 2447 ex
2111 2411 2178 2448 illo
2199 2412 2286 2462 igne
2305 2412 2409 2449 exie-

1396 2472 1463 2519 rit,
1486 2472 1646 2509 fratrum
1678 2472 1744 2522 qui
1765 2485 1851 2508 cum
1884 2484 1930 2508 eo
1960 2480 2051 2508 tunc
2083 2480 2212 2518 erant,
2234 2485 2322 2509 reor
2339 2486 2409 2510 ne-

1396 2532 1538 2569 minem
1559 2546 1639 2570 esse
1663 2533 1729 2582 qui
1747 2532 1901 2569 nesciat.

1449 2594 1513 2629 66.
1536 2596 1626 2629 Haec
1648 2592 1749 2629 (licta
1767 2600 1877 2638 sunt,
1900 2606 2017 2642 pauca
2037 2591 2192 2642 quidem
2215 2591 2263 2629 de
2280 2593 2405 2643 pluri-

315 2651 461 2701 primus
490 2654 706 2688 Conversus
726 2651 844 2688 laicus
865 2651 1053 2689 Suriensis
1083 2654 1324 2700 monasterii,
1343 2657 1376 2690 D
1395 2651 1486 2697 bus,
1506 2654 1572 2689 sed
1595 2654 1713 2690 multa
1735 2667 1807 2703 pro
1830 2661 2016 2703 tempore.
2044 2656 2128 2691 Non
2150 2653 2252 2690 enim
2277 2654 2405 2704 signo-

316 2711 573 2747 testimonium
606 2709 722 2746 habet
756 2709 803 2747 ab
835 2710 1034 2758 omnibus,
1064 2712 1168 2761 quod
1199 2722 1328 2750 sancte

319 2779 569 2807 conversetur
606 2771 708 2806 inter
739 2770 874 2808 fratres
909 2772 1118 2809 secundum
1152 2773 1327 2810 ordinem

317 2831 617 2868 Cisterciensem.
637 2835 684 2868 Et
710 2841 978 2881 cognoverunt
998 2832 1193 2883 discipuli,
1214 2835 1326 2871 etiam

315 2890 352 2925 in
369 2890 442 2926 hoc
458 2891 677 2928 Malachiam
696 2892 910 2942 prophetiae
931 2893 1107 2943 spiritum
1129 2894 1326 2942 habuisse3

315 2963 394 2986 non
413 2951 537 2987 solum
553 2960 694 2998 autem,
709 2953 775 2990 sed
789 2962 826 2990 et
839 2954 877 2990 in
893 2967 953 3001 eo,
965 2955 1069 3004 quod
1083 2954 1328 3005 subjuncturi

317 3022 461 3046 sumus.

371 3070 433 3106 65.
459 3071 552 3105 Cum
577 3072 821 3108 Sacramenta
840 3073 1016 3119 offerret,
1040 3083 1077 3111 et
1097 3077 1327 3127 appropias-

315 3138 371 3166 set
391 3130 424 3165 ei
442 3129 639 3176 diaconus,
659 3131 826 3168 facturus
847 3133 989 3182 aliquid
1006 3148 1078 3184 pro
1099 3136 1227 3172 officio
1241 3150 1325 3184 suo,

312 3190 472 3226 intuitus
488 3203 575 3226 eum
590 3190 781 3236 sacerdos,
797 3191 1003 3240 ingemuit,
1021 3195 1125 3243 quod
1147 3196 1325 3234 sensisset

310 3262 428 3299 penes
444 3249 550 3285 illum
565 3250 682 3286 latere
696 3250 800 3300 quod
819 3264 896 3287 non
915 3253 1151 3290 conveniret.
1165 3258 1324 3293 Peracto

1396 2726 1480 2749 rum
1504 2722 1679 2763 tempora
1699 2714 1800 2760 haec,
1822 2713 2031 2750 secundum
2052 2713 2147 2750 illud
2167 2729 2174 2751 :
2194 2716 2312 2763 Signa
2333 2727 2407 2750 mm

1395 2776 1586 2818 vidimus,-
1614 2780 1699 2821 jam
1731 2789 1805 2810 mm
1838 2784 1892 2810 est
1919 2773 2147 2824 proplzetffl.
2178 2775 2291 2813 Unde
2320 2775 2408 2813 satis

1395 2843 1574 2884 apparet,
1616 2835 1819 2872 Malachias
1854 2849 1959 2872 meus
1991 2843 2158 2885 quantus
2189 2836 2228 2872 in
2265 2836 2408 2872 meritis

1396 2895 1482 2940 suit,
1505 2896 1570 2945 qui
1603 2904 1676 2932 tan]
1712 2897 1854 2933 multus
1885 2896 1923 2932 in
1957 2896 2073 2946 signis
2103 2896 2267 2941 exstitit,
2301 2904 2338 2932 et
2365 2896 2404 2932 in

1395 2956 1550 2992 raritate
1586 2964 1701 2992 tanta.
1736 2960 1822 3004 Quo
1852 2957 1953 2993 enim
1987 2956 2237 3006 antiquorum
2266 2969 2404 3005 genere

1395 3016 1667 3053 miraculorum
1700 3016 1904 3053 Malachias
1936 3029 2013 3053 non
2049 3017 2215 3053 claruit?
2243 3015 2404 3054 sibene

1396 3075 1630 3113 advertimus
1665 3090 1787 3127 pauca
1822 3077 1905 3127 ipsa
1933 3090 2017 3126 quae
2050 3076 2151 3113 dicta
2185 3084 2291 3122 sunt,
2325 3088 2402 3112 non

1396 3137 1600 3187 prophetia
1622 3137 1741 3174 defuit.
1768 3138 1845 3184 illi,
1871 3151 1950 3173 non
1972 3137 2178 3183 revelatio,
2200 3149 2277 3173 non
2310 3136 2404 3173 ultio

1392 3197 1599 3247 impiorum
1616 3226 1625 3243 ,
1648 3211 1725 3234 non
1746 3198 1866 3247 gratia
1888 3197 2113 3243 sanitatum,
2142 3210 2221 3234 non
2243 3196 2403 3233 mutatio

1392 3258 1598 3304 mentium,
1622 3272 1699 3295 ηοη
1730 3258 1895 3308 denique
1923 3267 2166 3295 mortuorum
2196 3256 2400 3295 suscitatio.

363 3381 370 3394 ¹
386 3376 485 3406 Exod.
504 3388 583 3413 xxv,
603 3380 656 3408 sit).
680 3396 720 3400 ——
739 3384 750 3399 ²
771 3382 845 3410 Luc.
867 3390 940 3418 xxx,
968 3384 1036 3411 2-9.
1053 3401 1096 3404 —
1115 3380 1127 3402 3
1148 3384 1227 3414 l’sal.
1251 3396 1353 3414 Lxxm
1367 3409 1374 3422 ,
1396 3389 1426 3416 9.
