2517 3936
68 204 142 242 857

117 285 182 315 233
205 283 240 312 B.
259 280 443 311 insolentior
468 285 643 321 appareret.
661 297 706 302 ——
733 281 825 310 Forte
842 279 881 309 tle
903 279 970 320 ipso
990 279 1077 310 intel-

67 335 225 378 ligendum
250 333 334 375 quod
359 332 536 363 Rei-nardus
564 333 605 363 ait
635 332 666 362 in
694 332 856 374 Apologia:
882 332 983 373 capite
1006 335 1045 363 10
1068 342 1074 362 τ

69 406 82 418 α
98 389 238 422 Mentior
250 413 258 426 ,
278 387 302 418 si
322 398 386 417 non
403 385 467 416 xidi
483 385 629 416 abbatem
641 410 649 423 ,
673 385 831 425 sexaginta
848 395 944 426 equos
961 408 969 422 ,
996 392 1026 417 et
1040 396 1078 417 eo

71 460 84 472 2.
102 443 252 485 amplius,
272 441 303 471 in
323 450 379 470 suo
396 439 510 470 ducere
529 439 677 470 comitatu
690 463 697 476 ,
721 454 735 464 »ι
756 445 816 469 etc.

119 498 184 528 233
200 498 240 526 D.
253 504 340 535 teque
351 492 494 524 fideliter.
512 511 556 514 -—
572 491 607 522 Id
622 492 785 523 confirmat
803 492 987 524 Guillelmus
999 496 1080 524 Nan-

73 550 141 593 gius
155 548 195 580 ad
210 557 327 579 annum
350 548 448 582 1123,
471 551 505 576 ut
526 546 591 587 jam
611 556 705 587 supra
723 545 818 576 fusius
841 547 971 577 relatum
998 553 1043 578 est
1070 558 1078 578 ε

72 620 85 631 .-
100 605 182 636 Nam
200 612 257 645 per
273 600 424 632 abbatum
449 598 667 640 negligentiam
682 622 690 635 ,
715 598 766 639 qui
790 605 861 629 ante
891 599 992 640 ipsum
1013 600 1078 630 fuc-

73 674 86 686 »
101 663 190 695 rant,
206 662 237 688 et
247 652 453 697 quorumdam
467 652 550 683 illius
571 652 751 682 monasterii
774 652 999 683 monachorum
1011 676 1018 690 ‚
1035 664 1081 683 re-

76 727 91 738 ·-
106 710 258 754 gulariaiu
285 709 391 740 stituta
416 707 457 738 ita
493 706 532 737 ab
559 705 670 736 eodem
693 705 762 736 loco
784 705 905 747 abjecta
935 706 1079 745 fueraut,

74 781 88 794 a·
104 764 190 808 quod
203 764 255 795 vix
268 762 404 805 speciem
417 760 574 802 religionis
596 758 742 790 monachi
759 759 1005 801 praetendebant.
1021 775 1036 786 »

122 820 187 850 238
208 819 246 848 B.
266 821 413 847 neutrum
431 815 482 846 sit.
510 831 555 836 —-
575 813 736 844 Diaconus
754 813 806 844 ille
825 812 883 844 fuit
906 813 1084 855 Stephanus

73 872 112 904 de
130 870 290 904 Garlanda
305 868 514 901 seneschallus
524 891 532 905 ‚
551 866 616 898 sive
641 866 763 908 dapifer
778 868 873 908 Regis
889 868 1062 899 Galliarum
1074 892 1081 905 ,

72 937 166 969 quem
178 925 232 957 alii
244 925 326 956 male
338 922 536 955 confundunt
551 932 622 953 cum
636 921 795 963 Stephano
812 922 996 953 cancellario
1007 921 1084 964 ,qui

73 986 183 1024 postea
198 979 298 1011 faetus
323 984 369 1010 est
394 977 558 1020 episcopus
578 975 779 1013 parisiensis,
807 981 842 1006 ut
865 982 946 1006 recte
972 976 1085 1018 probat

73 1032 255 1067 Duchenius
274 1032 308 1063 in
330 1031 413 1063 notis
438 1031 479 1061 ad
503 1029 730 1062 Abaelardum.
756 1032 804 1060 De
826 1040 887 1070 quo
907 1030 1036 1061 Teulfus
1053 1031 1085 1061 in

74 1087 252 1121 Annalibus
280 1085 522 1118 Moriniacensis
549 1083 704 1121 coenobii,
733 1083 776 1114 ita
795 1083 917 1120 scribit,
939 1083 1021 1115 libro
1042 1089 1058 1115 2
1077 1096 1084 1116 τ

75 1157 89 1170 α
109 1141 267 1173 Defuncto
292 1140 486 1177 Vuillelmo,
520 1138 641 1170 Anselli
669 1137 799 1180 dapiferi
826 1148 993 1179 germano,
1023 1141 1087 1170 Ste-

75 1211 92 1223 ν’
106 1196 229 1239 phanus
242 1195 339 1227 frater
352 1194 518 1226 amborum
532 1194 638 1235 Major
654 1192 744 1234 regiae
760 1191 872 1223 domus
887 1192 1017 1224 effectus
1031 1199 1086 1225 est.

77 1265 92 1278 ι·
108 1253 180 1282 Hoc
208 1249 372 1281 retroactis
400 1246 654 1291 generationibus
691 1246 791 1278 fuerat
827 1245 1002 1277 inauditum
1015 1271 1022 1284 ,
1054 1252 1087 1278 ut

76 1320 92 1333 n
105 1304 201 1336 homo
214 1329 222 1343 ,
247 1304 300 1346 qui
314 1303 496 1334 diaconatus
517 1301 704 1343 fungebatur
717 1300 820 1331 officio
832 1325 839 1338 ,
858 1300 975 1331 militiae
997 1301 1088 1332 simul

79 1373 94 1385 ι»
107 1364 179 1401 post
191 1361 311 1400 Regem
326 1357 454 1389 duceret
471 1356 694 1398 principatum.
717 1355 776 1386 Hic
794 1355 840 1385 vir
852 1355 1021 1386 industrius
1033 1379 1040 1393 ,
1058 1361 1088 1386 et

79 1412 246 1444 »saeculari
270 1411 419 1454 praeditus
444 1410 614 1452 sapientia,
637 1420 708 1440 cum
735 1408 841 1440 multis
867 1409 1088 1440 ecclesiastico-

79 1481 93 1494 »
110 1477 180 1498 rum
193 1466 351 1498 bonorum
363 1465 517 1496 reditibus
531 1488 538 1502 ,
559 1470 626 1495 tum
640 1463 849 1494 familiaritate
862 1464 956 1505 Regis
967 1488 974 1500 ,
995 1474 1089 1505 quam

80 1535 96 1547 »ι
113 1520 157 1551 sic
168 1519 307 1551 habebat
321 1543 330 1557 ‚
354 1525 389 1550 ut
403 1519 432 1550 ei
451 1519 554 1562 potius
573 1517 731 1549 diceretur
751 1528 768 1548 a
785 1517 972 1559 quibusdam
995 1518 1090 1560 impe—

80 1588 94 1602 ·
108 1584 179 1605 rare
191 1598 199 1612 ‚
218 1585 314 1616 quam
335 1574 472 1611 serrire3
501 1572 666 1614 temporali
686 1571 832 1603 felicitate
849 1582 943 1614 supra
963 1578 1089 1603 caeteros

80 1642 94 1655 ι·
110 1628 258 1660 mortales
281 1627 396 1659 nostris
420 1626 615 1670 temporibus
648 1626 822 1658 efflorebat.
854 1626 983 1657 Tradita
1015 1637 1089 1657 vero

81 1697 95 1710 ι»
109 1688 203 1725 nepte
215 1693 272 1714 sua
290 1693 323 1713 m
336 1681 516 1724 conjugium
536 1681 695 1714 Almarico
710 1681 749 1712 de
774 1681 984 1712 Monte-Foru
995 1704 1002 1717 ,
1019 1691 1090 1711 cum

81 1751 95 1764 ι
113 1736 235 1768 honore
247 1737 287 1768 de
303 1739 433 1779 Rupe-F
435 1737 494 1768 orti
506 1761 513 1773 ,
531 1737 584 1778 qui
595 1736 708 1779 puellze
727 1736 766 1767 de
783 1736 982 1767 matrimonio
997 1735 1091 1767 obve-

82 1805 96 1818 n
111 1797 218 1829 nerat,
236 1790 423 1822 tumefactus
437 1790 615 1832 oblitusque
633 1791 679 1822 sui
691 1815 699 1829 ,
720 1791 853 1822 Adelam
874 1791 1013 1833 reginam
1033 1790 1092 1822 fre-

81 1860 98 1871 »
110 1844 320 1886 quentissimis
338 1845 488 1876 molestiis
511 1845 572 1876 sibi
591 1844 728 1876 reddidit
756 1845 920 1883 infestam;
951 1845 1092 1886 odiisque

80 1913 95 1926 n
115 1899 344 1937 crescentibus,
366 1902 454 1941 Rege
478 1899 622 1936 turbato,
642 1899 802 1942 depositus
822 1899 860 1930 ab
886 1899 1006 1930 honore
1025 1900 1092 1942 pul-

82 1969 95 1981 »
109 1954 195 1985 sator
207 1964 226 1984 a
237 1953 342 1997 curia.
364 1957 436 1996 Ipse
450 1964 525 1985 vero
539 1978 546 1991 ,
566 1953 662 1985 veluti
676 1953 813 1995 quadam
829 1959 991 1996 correptus
1014 1953 1092 1984 insa-

80 2008 180 2044 nnia,
196 2017 328 2049 regnum
354 2007 483 2039 turbare
507 2007 580 2039 totis
605 2007 723 2039 viribus
743 2008 890 2045 enititur3
922 2014 952 2039 et
976 2008 1033 2038 riri
1060 2009 1091 2039 in

83 2076 97 2088 ι
113 2061 207 2093 armis
226 2061 361 2096 strenui,
388 2062 539 2094 Almarici
558 2062 627 2093 dico
641 2086 648 2100 ,
677 2062 773 2093 fretus
793 2062 914 2093 auxiliis
926 2087 933 2100 ,
958 2062 1091 2104 patriam

79 2130 97 2162 ξ
112 2115 195 2147 hanc
209 2115 299 2146 bellis
312 2115 470 2154 accendit,
497 2131 510 2143 n
534 2122 594 2148 etc.
618 2116 706 2147 Idem
719 2140 727 2154 ,
748 2116 807 2147 nisi
826 2115 917 2147 fallor
930 2140 937 2153 ,
961 2115 1092 2158 Stepha-

81 2181 140 2202 nus
167 2171 179 2202 (
188 2181 263 2201 uam
288 2176 320 2202 et
343 2170 383 2201 de
412 2170 595 2202 Guarlanda
614 2171 879 2213 cognominatur)
901 2171 982 2201 male
1007 2169 1093 2201 audit

81 2224 167 2266 apud
181 2228 313 2256 Ivonem
335 2225 518 2267 episcopum
541 2226 784 2263 Carnotensem,
807 2225 939 2267 epistola
960 2227 1016 2262 87,
1039 2224 1093 2254 ubi

82 2276 167 2319 apud
182 2276 354 2308 cardinales
368 2277 470 2319 arguit
484 2278 687 2309 Belvacenses
706 2289 778 2309 eum
792 2278 851 2309 sibi
868 2279 899 2308 in
912 2278 1094 2320 episcopimi

82 2337 286 2363 assumentes.
301 2347 315 2359 ‹-
332 2334 455 2374 Nempe
471 2332 557 2374 quod
570 2333 744 2375 postposita
759 2333 843 2364 omni
858 2332 1008 2364 canonica
1023 2332 1095 2363 obe-

85 2385 230 2418 „dieutia
257 2385 404 2417 clericum
423 2385 592 2428 quemdam
614 2386 824 2423 illitteratum,
852 2386 1039 2423 aleatorem,
1065 2391 1095 2416 et

85 2454 98 2467 n
111 2440 230 2471 caeteris
248 2439 429 2482 hujusmodi
449 2440 611 2472 lenociniis
627 2447 790 2472 vacantem
805 2465 812 2479 ,
837 2441 948 2484 procul
967 2441 1060 2471 etiam
1077 2450 1095 2470 a

84 2507 99 2522 ι·
112 2493 208 2525 sacris
231 2493 404 2526 Ordinibus
423 2494 604 2531 inventum,
633 2497 794 2536 quondam
819 2506 945 2537 quoque
966 2500 1095 2537 propter

86 2562 100 2575 »ι
118 2547 282 2590 publicum
294 2547 483 2579 adulterium
498 2558 516 2579 a
528 2547 629 2590 legato
645 2551 798 2579 Romanae
815 2548 959 2580 Ecclesiae
973 2547 1096 2589 Lugdu-

85 2615 100 2628 »
116 2602 207 2633 nensi
221 2601 458 2644 archiepiscopo
483 2601 523 2633 de
547 2602 684 2633 Ecclesia
699 2603 833 2644 ejectum
855 2612 912 2644 pro
938 2601 1098 2632 voluntate

86 2669 100 2682 n
119 2655 236 2698 Regis,
264 2661 296 2687 et
324 2655 408 2686 illius
439 2655 674 2687 contubernalis
699 2666 763 2687 suae
788 2656 821 2687 in
843 2656 1028 2698 episcopum
1053 2666 1099 2686 as-

87 2722 100 2735 ι·
117 2715 330 2751 sumpserunt.
352 2708 524 2740 Praedictus
550 2715 655 2740 autem
671 2709 808 2740 intrusus
820 2733 827 2747 ,
850 2709 1026 2751 Stephanus
1044 2720 1098 2740 ro-

87 2777 103 2788 ,2
118 2769 206 2794 catur
229 2763 270 2794 de
288 2762 472 2795 Guarlanda
494 2772 502 2794 :
526 2763 576 2794 cui
599 2763 624 2794 si
644 2763 684 2794 ad
709 2763 919 2806 episcopalem
946 2762 1100 2794 ministra-

87 2831 103 2842 »
118 2816 255 2856 tionem,
280 2816 449 2858 aliquando
469 2817 640 2859 apostolica
668 2818 854 2849 auctoritate
881 2817 1017 2860 patuerit
1034 2817 1098 2847 adi-

89 2885 103 2898 »
122 2876 190 2909 tus,
219 2871 423 2902 manifestum
448 2877 495 2902 est
512 2871 708 2914 temporibus
730 2872 844 2903 nostris
864 2871 988 2902 exitiale
1011 2870 1100 2901 silen-

89 2939 106 2950 υ
120 2924 200 2957 tium
217 2925 401 2967 impositum
419 2936 486 2957 esse
502 2926 661 2957 canonicis
678 2925 810 2968 legibus.
831 2924 997 2967 Quomodo
1015 2924 1099 2955 enim

89 2993 104 3006 ι
117 2979 158 3010 ad
171 2979 290 3011 fontem
307 2979 445 3011 scientiae
462 2980 674 3022 pertingemus
685 3005 693 3018 ‚
710 2980 734 3011 si
748 2979 788 3010 ab
802 2979 874 3022 ipsis
886 3003 893 3016 ,
910 2978 962 3020 qui
980 2978 1099 3008 clarem

90 3047 105 3059 υ
118 3038 226 3065 tenent
236 3057 244 3072 ‚
259 3033 378 3065 intrare
392 3044 457 3065 non
470 3033 705 3076 permittimur?
720 3049 732 3060 »
750 3037 799 3064 Ita
813 3037 879 3064 Iro.
894 3035 987 3063 Hunc
1003 3031 1097 3062 etiam

88 3086 282 3130 Stephanum
301 3090 369 3119 Deo
386 3088 525 3119 lucratus
550 3093 597 3119 est
621 3087 811 3118 Bernardus.

138 3143 204 3172 239
221 3143 257 3172 B.
283 3141 504 3173 administrare
522 3152 579 3184 per
594 3141 736 3172 clericos.
761 3159 808 3163 -—
832 3140 893 3171 Hic
921 3137 1098 3170 Bernardus

87 3192 204 3234 pariter
219 3199 249 3225 et
262 3194 410 3225 clericum
431 3195 497 3237 regi
510 3195 697 3226 militantem
711 3193 929 3237 reprehendit,
950 3198 980 3223 et
993 3201 1099 3233 regem

89 3245 203 3278 clerico
218 3247 365 3279 militaria
378 3248 486 3279 munia
507 3249 748 3280 demandantem
762 3246 951 3290 perstringit.
971 3249 1009 3277 Et
1026 3256 1099 3275 vero

89 3305 222 3343 uterque
234 3301 492 3343 reprehensibilis
514 3314 522 3334 :
543 3303 596 3334 ille
610 3328 617 3341 ‚
641 3303 727 3345 quod
740 3302 922 3344 dignitatem
943 3300 989 3331 sui
1004 3306 1100 3331 status

90 3363 156 3385 non
179 3362 379 3397 agnose-eren
407 3356 479 3395 hic,
510 3357 593 3399 quod
620 3357 698 3388 aulae
723 3356 902 3396 militiaeque
925 3353 1100 3385 functiones

90 3406 157 3439 sine
171 3418 377 3452 personarum
392 3409 518 3443 delectu
536 3422 572 3442 ac
588 3410 766 3443 discrimine
781 3409 935 3441 conferret
948 3432 954 3446 ,
973 3408 1100 3439 clericos

555 199 821 236 LECTIONES
850 200 1125 236 VARIANTES
1155 202 1214 236 ET
1245 202 1387 236 NOTA-2
1415 202 1662 236 Ftfflolzrsss.

2059 211 2133 243 ⁸38

1141 285 1310 322 adhibens,
1339 286 1391 316 ubi
1411 286 1505 316 laicos
1525 287 1700 326 oportebat.
1722 289 1861 318 (im-urrit
1883 289 1980 320 simile
2006 294 2078 332 quid
2104 295 2133 325 in

1142 339 1203 369 alio
1223 350 1346 379 quoquc
1363 339 1534 369 Galliarum
1562 350 1630 372 tvm*
1660 339 1815 369 Ludoxivo
1837 344 1892 371 xl,
1918 346 1994 372 Nam
2011 356 2079 375 runi
2098 347 2136 376 al.

1143 402 1179 422 eo
1195 391 1360 421 cardinalis
1378 392 1471 421 Balua
1490 391 1652 432 episcopus
1673 391 1879 428 libroicensis,
1900 397 2045 426 tuti-tiam
2060 400 2139 428 Pan.

1144 445 1259 475 sioruin
1285 444 1395 474 missus
1415 444 1453 475 ad
1475 444 1678 475 recensi-iulos
1700 446 1826 481 milites,
1851 454 1932 476 wstv
1952 449 2028 479 lun-:1
2053 462 2139 481 orm.-

1145 504 1211 535 tus,
1227 498 1310 528 mula
1326 504 1429 528 rectus
1441 522 1448 534 ,
1466 508 1576 528 munus
1593 498 1667 528 illud
1683 499 1840 538 indiguum
1861 501 2003 541 pontilice
2017 515 2140 533 exseq-u-

1145 558 1194 582 tus
1212 558 1309 586 essct:
1333 551 1362 581 id
1377 552 1515 592 equitum
1534 551 1676 591 magister
1696 551 1872 583 Cliabanius
1889 555 2042 593 trgi-rrum·
2056 558 2119 586 tulit
2133 581 2139 593 ,

1147 612 1176 636 et
1193 616 1295 646 regem
1320 605 1401 639 adit,
1424 611 1452 635 et
1473 605 1664 647 proxinciam
1691 605 1832 635 xisitamli
1856 607 2040 638 Flu-oivenst·
2057 621 2144 640 vanu-

1146 659 1288 690 nieorum
1309 658 1492 699 collegium,
1521 667 1574 688 scit
1599 658 1637 689 dc
1661 658 1817 689 initiandis
1840 659 1881 689 ibi
1907 660 2023 691 clericis
2043 663 2147 692 scruti-

1148 713 1234 743 nium
1249 712 1307 743 sibi
1322 711 1502 742 demandari
1520 712 1614 753 cupit.
1633 728 1645 737 ιι
1665 713 1782 743 Mirum
1794 736 1800 746 ,
1823 727 1834 738 n
1854 713 1951 754 iuquit
1966 725 2018 744 rex
2030 738 2036 749 ,
2055 731 2068 740 ιι
2087 726 2145 756 qua

1151 780 1166 791 »
1182 765 1214 796 id
1227 765 1329 796 fronte
1346 771 1450 807 petere
1467 764 1593 796 audeas.
1614 769 1663 796 An
1679 766 1776 795 nest-is
1799 766 1873 796 illud
1895 768 2028 797 muneris
2049 778 2065 798 a
2082 779 2147 810 pcr-

1151 834 1164 845 π
1180 830 1255 849 sona
1271 825 1300 850 et
1326 818 1504 850 conditione
1522 825 1573 849 tua
1589 819 1679 849 nimis
1699 819 1833 850 alienum
1846 823 1932 851 esse?
1948 835 1961 847 n
1976 824 2055 851 Tum
2073 822 2149 853 Cha-

1150 873 1261 904 banius
1282 884 1289 904 z
1306 888 1318 899 α
1338 875 1402 905 Cur
1420 873 1522 903 minus
1537 897 1544 911 ‚
1567 888 1578 899 n
1594 873 1691 914 inquit
1705 898 1712 910 ,
1730 889 1744 899 α
1762 872 1835 904 mihi
1850 875 2011 904 conveniat
2025 875 2149 906 clericos

1153 942 1164 953 n
1181 927 1212 957 in
1232 926 1374 957 ordinem
1389 938 1497 967 cogere
1509 951 1515 961 ,
1537 937 1629 968 quam
1646 927 1791 969 episcopo
1806 927 1915 958 milites
1930 938 2087 959 recensere
2101 931 2114 959 Ρ
2135 945 2149 954 n

1151 983 1230 1021 Quze
1244 980 1340 1011 verba
1354 980 1417 1022 regi
1433 986 1590 1022 stuporem
1602 1006 1609 1017 ,
1627 981 1744 1011 caeteris
1762 981 1854 1011 risum
1876 989 2049 1013 moverunt.
2070 986 2151 1014 Gua-

1151 1035 1261 1075 guinus
1272 1059 1279 1072 ‚
1296 1034 1441 1065 Historia:
1454 1034 1532 1065 libro
1554 1038 1611 1069 102
1638 1035 1784 1067 Claudius
1801 1038 1981 1078 Espencaeus
1995 1060 2002 1069 ,
2025 1036 2070 1066 vir
2083 1048 2150 1067 eru-

1151 1087 1268 1118 ditione
1294 1099 1328 1119 ac
1345 1088 1505 1119 sanctitate
1531 1088 1562 1118 in
1582 1089 1680 1119 Gallia
1707 1088 1852 1123 celebris,
1879 1089 1932 1119 lib.
1956 1092 1991 1125 2,
2017 1100 2084 1131 rap.
2107 1095 2145 1127 ὒ,

1152 1143 1287 1183 Digress.
1308 1143 1338 1173 in
1357 1142 1496 1184 Epistola
1511 1143 1610 1184 prima
1630 1142 1669 1173 ad
1684 1141 1904 1178 Timotheum:
1933 1143 2097 1184 Bosquier,
2117 1144 2146 1174 in

1151 1196 1315 1227 Plutarcho
1333 1196 1438 1227 christ.
1454 1198 1638 1231 Corozetus,
1658 1197 1688 1226 in
1704 1196 1880 1238 Apopbteg.
1898 1196 1980 1227 Gall.

1202 1251 1268 1280 240
1282 1253 1322 1281 A.
1338 1249 1508 1290 hostia‘que
1531 1249 1660 1279 caudam
1675 1250 1769 1290 junge
1792 1249 1894 1291 capiti.
1916 1267 1957 1271 --
1975 1248 2009 1280 Id
2025 1256 2069 1280 est
2084 1274 2091 1286 ,
2111 1250 2147 1281 ss-

1153 1313 1224 1333 nem
1239 1304 1333 1345 junge
1351 1303 1516 1344 principio.
1544 1306 1696 1333 Hortatur
1716 1303 1754 1333 ad
1779 1303 2054 1344 perseverantiam,
2075 1303 2150 1334 allu-

1154 1357 1230 1388 dens
1252 1358 1291 1388 ad
1315 1357 1409 1388 ritum
1430 1357 1527 1398 legis,
1550 1356 1690 1398 jubentis
1709 1356 1838 1387 caudam
1857 1356 1964 1387 hostiae
1991 1356 2079 1386 simul
2105 1356 2151 1386 of-

1153 1410 1238 1441 ferri.
1255 1410 1354 1441 Exod.
1374 1421 1473 1447 xxm,
1493 1410 1591 1441 Levit.
1613 1421 1663 1440 ιη.
1680 1410 1845 1441 Rationem
1865 1410 2083 1451 tropologicam
2101 1410 2153 1441 dat

1155 1464 1318 1496 Radulfus.
1343 1479 1355 1489 α
1374 1464 1480 1495 Cauda
1494 1488 1501 1501 ‚
1522 1479 1536 1490 u
1552 1464 1615 1501 ait,
1633 1479 1647 1489 υ
1670 1474 1737 1504 qum
1759 1463 1826 1493 linis
1840 1469 1883 1493 est
1898 1462 2052 1504 corporis,
2070 1474 2149 1504 sym-

1156 1534 1169 1545 »
1185 1518 1291 1549 bolum
1310 1524 1354 1549 est
1371 1517 1645 1549 consummationis
1671 1524 1700 1548 et
1722 1517 1958 1559 perseverantioe
1987 1517 2017 1546 in
2040 1516 2152 1547 sanctis

1157 1588 1169 1599 u
1187 1572 1344 1615 operibus.
1361 1587 1376 1598 υ
1401 1572 1494 1603 Unde
1514 1578 1543 1603 et
1569 1575 1599 1603 S.
1621 1571 1807 1612 Gregorius,
1832 1573 1845 1600 Ι
1862 1571 1976 1601 Moral.
1995 1580 2062 1612 cap.
2087 1573 2149 1607 40,

1157 1641 1169 1653 ι
1192 1626 1299 1658 Cauda
1314 1651 1321 1661 ,
1344 1641 1356 1652 r>
1377 1626 1438 1662 ait,
1459 1625 1614 1667 «jubetur
1632 1625 1748 1656 adoleri
1764 1628 1850 1661 Deo,
1874 1630 1904 1654 ut
1925 1634 2015 1654 omne
2035 1623 2152 1654 bonum

1156 1693 1169 1706 ω
1189 1680 1273 1721 quod
1290 1679 1453 1721 incipimus
1467 1704 1474 1715 ,
1493 1680 1585 1710 etiam
1603 1678 1839 1722 perseverantia?
1853 1678 1913 1708 line
1930 1678 2121 1719 impleamus.
2140 1692 2152 1703 n

1156 1733 1243 1765 Idem
1258 1759 1264 1771 ‚
1284 1734 1400 1765 Homil.
1425 1737 1464 1764 25
1489 1733 1521 1764 in
1536 1736 1653 1774 Evang.
1676 1749 1690 1759 «
1709 1735 1866 1774 Przecepto
1887 1732 1976 1773 legis,
2000 1747 2012 1757 »ι
2030 1731 2150 1772 inquit,

1156 1804 1171 1815 «
1192 1787 1290 1819 cauda
1321 1787 1428 1819 hostiae
1455 1788 1487 1818 in
1523 1786 1672 1818 sacrificio
1696 1786 1824 1828 jubetur
1845 1786 1961 1817 offerri.
1992 1790 2027 1816 In
2056 1785 2153 1816 cauda

1159 1856 1172 1869 n
1191 1842 1306 1884 quippe
1321 1841 1390 1872 finis
1404 1848 1448 1873 est
1470 1841 1610 1883 corporis
1623 1865 1629 1877 ,
1655 1847 1682 1871 et
1700 1841 1750 1871 ille
1767 1839 1846 1870 bene
1863 1840 2021 1875 immolat,
2041 1839 2094 1880 qui
2109 1849 2155 1869 sa-

1160 1910 1173 1923 »
1192 1895 1343 1926 orificium
1362 1895 1438 1926 boni
1455 1895 1557 1938 operis
1580 1905 1676 1936 usque
1699 1894 1738 1925 ad
1761 1894 1853 1924 linem
1880 1893 1991 1925 debitae
2017 1892 2157 1935 perducit

1160 1963 1173 1975 n
1191 1949 1331 1980 actionis.
1348 1964 1363 1974 υ

1206 2012 1272 2041 2¹10
1290 2013 1325 2041 B.
1347 2021 1388 2039 an
1412 2021 1562 2040 sanarem
1590 2020 1713 2039 Lucani.
1729 2026 1774 2030 ——
1796 2006 2046 2047 Haudquaquam
2064 2009 2155 2037 Mon-

1156 2064 1344 2095 tis-Cornelii
1363 2063 1446 2106 apud
1462 2063 1612 2095 Leodium
1632 2061 1697 2103 (qui
1715 2072 1798 2091 nunc
1814 2059 2038 2092 Belli-Reditus
2052 2060 2157 2101 appel-

1157 2118 1260 2159 latur)
1281 2117 1365 2159 quod
1387 2117 1465 2148 salso
1485 2122 1676 2160 putaverunt
1699 2115 1846 2146 Picardus
1865 2120 1895 2144 et
1918 2113 2080 2149 Horstius;
2105 2113 2157 2143 sed

1158 2171 1337 2202 monasterii
1360 2171 1595 2208 Cfflssiacensis,
1625 2169 1751 2200 Ordinis
1779 2167 2098 2203 Pra’monstratensis,
2127 2166 2158 2196 in

1158 2225 1282 2256 dioecesi
1306 2225 1518 2262 Laudunensi,
1546 2231 1577 2255 ut
1597 2223 1691 2255 habet
1716 2221 1906 2253 Bibliotheca
1930 2224 2156 2252 Praemonstrat.

1155 2285 1187 2309 et
1207 2279 1278 2309 satis
1299 2279 1364 2320 ipse
1390 2278 1566 2310 Bernardus
1593 2277 1728 2313 indicat,
1757 2276 1831 2306 dum
1859 2275 1963 2305 mirari
1985 2286 2016 2305 se
2035 2274 2160 2316 profite-

1157 2338 1227 2369 tur,
1253 2343 1308 2362 cur
1328 2332 1528 2363 Guillelmum
1545 2329 1848 2362 Sancti-Theoderici
1867 2328 2010 2359 abbatem
2023 2352 2030 2365 ,
2054 2334 2159 2370 utpote

1160 2386 1356 2423 viciniorem,
1380 2387 1427 2416 vel
1444 2386 1578 2427 aliquem
1599 2396 1635 2416 ex
1655 2388 1893 2416 Praemonsirato
1916 2382 1974 2413 sibi
1993 2382 2134 2424 proximo
2148 2406 2155 2419 ,

1159 2451 1221 2471 non
1240 2439 1342 2482 potius
1356 2440 1556 2470 consuluerit.
1572 2441 1619 2469 De
1635 2442 1716 2469 Luca
1731 2448 1765 2467 ac
1779 2436 1816 2466 de
1829 2436 2013 2467 monasterio
2025 2436 2157 2467 Cuissia-

2009 2505 2021 2515 ιι
2044 2489 2103 2520 Sed
2128 2495 2159 2521 et

1163 2563 1176 2575 »
1196 2547 1280 2578 aliud
1296 2547 1466 2578 construxit
1487 2561 1499 2571 υ
1516 2546 1528 2587 (
1543 2545 1785 2577 Bartholomaeus
1802 2544 1962 2585 episcopus
1975 2542 2157 2573 Laudunen-

1161 2494 1243 2525 censi
1266 2494 1309 2524 sic
1326 2493 1422 2524 habes
1445 2492 1527 2535 apud
1544 2496 1758 2523 Hermannum
1775 2490 1961 2521 monachum
1980 2500 1986 2520 :

1162 2602 1202 2633 sis
1217 2602 1229 2643 )
1246 2617 1260 2627 α
1276 2601 1496 2631 monasterium
1513 2600 1694 2631 clericorum
1718 2599 1750 2628 in
1773 2598 1840 2628 loco
1861 2597 1913 2638 qui
1931 2602 2056 2627 vocatur
2072 2596 2157 2628 Cuis-

1164 2677 1178 2688 ι»
1196 2663 1316 2698 siacus,
1343 2661 1549 2702 abbatemque
1580 2660 1623 2691 ibi
1654 2659 1807 2690 ordinarit
1837 2658 1985 2688 domnum
2017 2660 2128 2687 Lucam
2149 2681 2156 2693 ,

1166 2730 1178 2742 n
1198 2715 1300 2745 virum
1321 2715 1506 2757 religiosum.
1534 2729 1546 2741 »
1576 2717 1621 2744 Ita
1644 2713 1714 2751 ille,
1736 2713 1774 2744 de
1803 2711 1962 2743 Miraculis
1984 2714 2019 2743 B.
2050 2710 2160 2741 Man‘ae

1163 2769 1392 2806 Laudunensis,
1413 2769 1493 2799 libro
1512 2771 1544 2806 3,
1571 2778 1638 2809 cap.
1659 2771 1710 2798 16.

1211 2826 1276 2854 243
1309 2826 1353 2854 Α.
1379 2834 1420 2852 AD
1446 2832 1631 2852 GERARDCM
1657 2831 1807 2850 ΑΒΒΑΤΕΜ
1834 2829 2099 2849 PCLTARIENSEM.
2118 2834 2161 2839 ——

1162 2876 1306 2907 Horstius
1320 2875 1483 2917 legendum
1496 2880 1583 2917 putat
1597 2898 1604 2911 ,
1624 2873 1889 2909 malliacensem
1907 2871 1960 2903 sed
1975 2881 2137 2913 perperam
2152 2895 2160 2908 ,

1163 2929 1403 2961 reclamantibus
1429 2929 1575 2959 nimirum
1594 2927 1811 2970 manuscriptis
1826 2951 1833 2965 ‚
1854 2926 1916 2957 imo
1934 2926 2008 2967 ipsis
2026 2925 2162 2967 epistolae

1164 2983 1266 3014 verbis
1279 3007 1286 3020 ‚
1307 2993 1342 3013 ex
1357 2982 1470 3023 quibus
1484 2982 1556 3013 satis
1569 2982 1748 3023 intelligitur
1761 3005 1768 3019 ,
1786 2979 1978 3011 Bernardum
1993 2990 2055 3009 non
2077 2978 2164 3019 loqui

1163 3036 1203 3067 ad
1217 3037 1313 3067 ullum
1333 3035 1480 3066 abbatem
1498 3035 1624 3067 Ordinis
1642 3035 1852 3068 Cisterciensis
1870 3058 1878 3072 ,
1899 3034 1997 3075 qualis
2014 3038 2058 3063 est
2076 3033 2162 3064 Prul-

1162 3089 1305 3121 liacensis
1325 3100 1332 3127 ;
1361 3089 1434 3120 alias
1465 3088 1609 3120 comitem
1639 3089 1864 3121 Nivernensem
1898 3087 1937 3118 ad
1967 3085 2161 3117 reformanda

1164 3142 1251 3173 istius
1267 3142 1447 3173 monasterii
1474 3142 1549 3173 vitia
1573 3142 1753 3184 neutiquam
1776 3141 2008 3183 interpellasset.
2032 3142 2076 3169 Ex
2101 3148 2161 3179 qua

1165 3194 1382 3226 observatione
1398 3195 1559 3226 addendus
1576 3195 1697 3226 videtur
1717 3195 1873 3227 Gerardus
1889 3194 1927 3224 ad
1940 3192 2047 3223 seriem
2067 3190 2160 3221 abba-

1165 3254 1232 3279 tum
1248 3248 1487 3280 Pultariensium
1500 3274 1507 3287 ,
1526 3249 1676 3280 hactenus
1695 3250 1834 3280 omissus.
1854 3251 1926 3279 Erat
1947 3252 2047 3277 autem
2062 3245 2162 3275 Pulta-

1165 3302 1267 3333 riense
1280 3303 1503 3334 monasterium
1517 3328 1524 3341 ,
1547 3303 1673 3335 Ordinis
1692 3306 1722 3333 S.
1742 3301 1913 3337 Benedicti,
1937 3299 2071 3330 dioecesis
2090 3297 2159 3327 Lin-

1167 3356 1310 3397 gonensis
1323 3380 1330 3392 ,
1347 3356 1511 3388 fundatum
1530 3368 1547 3387 a
1569 3357 1708 3389 Gerardo
1730 3356 1841 3387 comite
1854 3378 1861 3391 ,
1881 3363 1943 3383 non
1965 3352 2053 3392 longe
2067 3361 2084 3380 a
2102 3360 2158 3380 suo

1167 3416 1267 3442 castro
1279 3434 1286 3448 ,
1307 3410 1361 3441 ubi
1378 3417 1407 3442 et
1430 3417 1537 3453 postea
1553 3421 1623 3441 cum
1642 3420 1736 3440 uxore
1760 3418 1814 3440 sua
1839 3409 1930 3438 Berta
1951 3404 2085 3447 sepultus
2101 3409 2158 3435 est.
