2565 3952
54 197 125 236 153

980 196 1245 232 EPISTOLAE.

42 275 336 328 superveniente
371 274 554 311 charitate
586 273 807 319 ordinatur,
837 286 923 311 cum
962 272 1091 310 mala⁵

2075 203 2146 240 154

1101 273 1107 291 ¹
1130 277 1162 309 si
1190 277 1428 322 cognocimus
1458 275 1662 310 secundam
1692 289 1843 313 carnem
1863 277 2065 325 Christum,
2088 284 2156 317 sed

42 337 193 389 quidem
216 336 371 387 penitus
394 344 642 386 respuuntur,
660 334 772 372 bonis
793 348 887 371 vero
905 334 1064 371 meliora
1081 333 1113 366 A
1134 347 1231 369 num.-
1251 334 1337 379 jam
1375 347 1450 369 mm
1480 334 1685 371 novimus3.
1724 338 1845 373 Nemo
1870 336 1923 373 ibi
1944 351 1982 374 se
2011 352 2155 389 cogno—

42 398 313 450 praeferuntur,
330 411 400 434 nec
421 396 525 434 bona
546 396 616 433 nisi
639 404 800 447 propter
817 395 976 432 meliora
994 409 1065 445 ap-

42 468 237 512 petuntur.
260 458 373 507 Quod
398 472 484 495 cum
509 458 622 508 plene
643 471 713 508 per
733 457 804 494 Dei
826 456 985 507 gratiam
1008 469 1064 493 as-

42 529 213 559 secutum
247 519 380 566 suerit,
410 519 589 569 diligetur
624 531 786 569 corpus,
815 526 854 555 et
884 518 1065 555 universa

43 581 215 633 corporis
239 580 343 617 bona
369 589 516 617 tantum
542 588 704 630 propter
727 579 917 627 animam,
937 579 1064 616 anima

42 650 202 695 propter
226 645 371 688 Deum,
395 644 498 679 Deus
519 649 647 678 autem
674 649 836 692 propter
861 654 900 677 se
921 641 1062 690 ipsum.

96 704 132 740 8.
154 706 429 740 Verumtamen
457 701 546 751 quia
572 702 743 738 carnales
773 714 927 747 sumus,
950 709 988 737 et
1017 700 1064 737 de

42 762 165 802 carnis
182 762 496 813 concupiscentia
513 762 728 808 nascimur3
749 775 903 799 necesse
923 769 980 798 est
997 775 1062 798 cu-

41 823 180 876 piditas
204 823 264 860 vel
288 836 397 860 amor
424 831 557 860 noster
582 837 603 860 a
628 836 743 860 carne
774 823 958 874 incipiat:
978 836 1064 873 quae

42 884 73 922 si
99 891 203 921 recto
233 882 371 921 ordine
399 882 589 934 dirigitur,
615 883 846 934 quibusdam
877 884 954 921 suis
978 897 1065 934 gra-

42 943 152 983 dibus
184 943 281 981 duce
316 944 436 994 gratia
474 945 704 995 proficiens,
737 945 875 996 spiritu
909 945 1064 982 tandem

41 1004 372 1043 consummabitur
392 1020 400 1043 :
422 1006 512 1056 quia
534 1019 612 1043 non
634 1006 741 1057 prius
758 1005 863 1056 quod
881 1006 1065 1057 spiritua-

1133 394 1203 430 scit
1220 392 1432 430 secundum
1454 406 1627 440 carnem,
1650 394 1740 443 quia
1767 409 1855 432 caro
1873 405 1909 433 et
1930 399 2081 447 sanguis
2100 413 2157 436 re-

1132 467 1249 504 gnum
1276 454 1346 491 Dei
1369 467 1449 490 non
1475 453 1765 505 possidebunt&
1789 460 1874 493 Non
1902 458 2006 507 quod
2034 460 2157 497 carnis

1131 514 1345 552 substantia
1376 515 1454 552 illic
1486 515 1615 552 futura
1646 529 1726 553 non
1759 517 1911 564 sit3sed
1938 520 2045 569 quod
2072 534 2156 557 car-

1131 576 1228 613 nalis
1247 576 1373 613 omnis
1400 576 1643 614 necessitudo
1662 577 1710 614 sit
1733 577 1930 626 defutura,
1955 582 2157 631 carnisque

1131 650 1240 674 amor
1267 651 1399 674 amore
1428 637 1584 687 spiritus
1612 637 1899 686 absorbendus,
1928 649 1967 677 et
1994 641 2157 679 inlirmae

1132 712 1218 748 quae
1245 711 1349 735 nunc
1370 707 1460 735 sunt
1486 698 1664 736 humanae
1687 699 1912 738 affectiones
1940 702 1978 739 in
2008 702 2158 740 divinas

1132 759 1319 809 quasdam
1352 760 1544 809 potentias
1576 759 1743 798 habeant
1777 764 2020 800 commutari.
2050 767 2158 801 Tunc

1132 833 1271 870 sagena
1307 820 1520 867 charitatis,
1556 834 1642 870 quae
1680 835 1783 859 nunc
1821 831 1941 860 tracta
1981 837 2051 874 per
2085 825 2159 862 1100

1132 895 1237 918 mare
1267 895 1450 932 magnum
1485 890 1523 919 et
1552 882 1786 932 spatiosum,
1809 897 1856 921 ex
1884 885 1990 922 omni
2019 899 2159 935 genere

1132 942 1295 993 piscium
1316 956 1550 993 congregare
1576 957 1655 980 non
1678 943 1838 992 desinit,
1858 959 1944 982 cum
1972 946 2159 996 perducta

1133 1002 1180 1040 ad
1198 1003 1302 1040 littus
1322 1003 1456 1051 fuerit,
1480 1004 1601 1045 malos
1625 1004 1726 1041 foras
1749 1006 1923 1052 mittens,
1948 1006 2073 1044 bonos
2100 1021 2159 1044 so-

40 1067 94 1114 le,
114 1066 181 1104 sed
206 1066 313 1117 quod
338 1067 525 1115 animale,
548 1067 688 1105 deinde
715 1067 822 1118 quod
843 1067 1062 1118 spirituale3
1084 1066 1113 1100 B
1132 1064 1334 1101 lummodo
1366 1064 1558 1102 retinebit.
1595 1065 1792 1116 Siquidem
1822 1066 1861 1103 in
1899 1067 1969 1104 hac
2002 1068 2078 1106 vita
2109 1083 2156 1106 ex

40 1136 78 1165 et
101 1128 209 1179 prius
236 1142 390 1166 necesse
413 1138 471 1166 est
494 1138 695 1180 portemus
715 1129 919 1179 imaginem
947 1137 1064 1165 terre-

41 1189 147 1236 stris,
177 1188 318 1226 deinde
349 1190 553 1227 coelestis¹.
581 1194 625 1227 In
656 1190 793 1240 primis
820 1203 911 1240 ergo
943 1189 1066 1240 diligit

40 1264 80 1288 se
97 1252 223 1302 ipsum
250 1251 367 1288 homo
396 1260 559 1302 propter
582 1265 634 1289 se.
654 1254 750 1290 Caro
772 1252 916 1301 quippe
938 1260 1012 1297 est,
1028 1260 1066 1288 et

41 1311 93 1348 nil
111 1325 246 1362 sapere
267 1312 370 1349 valet
384 1321 528 1362 praeter
547 1326 599 1349 se.
622 1315 798 1362 Cumque
816 1325 854 1348 se
874 1311 979 1348 videt
997 1325 1067 1361 per

42 1385 81 1410 se
110 1386 191 1410 non
212 1386 328 1423 posse
357 1372 588 1419 subsistere,
612 1377 736 1410 Deum
759 1372 832 1409 sibi
860 1372 969 1422 quasi
996 1385 1066 1408 ne-

41 1434 245 1471 cessarium
279 1433 415 1484 incipit
444 1447 513 1484 per
547 1433 661 1471 fidem
690 1433 885 1484 inquirere
917 1441 956 1470 et
985 1433 1067 1470 dili-

40 1507 140 1545 gere.
172 1495 304 1545 Diligit
332 1495 462 1546 itaque
492 1495 532 1532 in
564 1494 735 1533 secundo
767 1494 889 1545 gradu
919 1498 1064 1540 Deum,

42 1556 107 1594 sed
139 1565 301 1608 propter
329 1570 385 1604 se,
421 1570 500 1594 non
532 1565 695 1608 propter
726 1557 865 1607 ipsum.
895 1560 945 1594 At
973 1569 1067 1592 vero

41 1629 128 1653 cum
158 1616 284 1667 ipsum
312 1618 472 1669 coeperit
504 1617 706 1654 occasione
737 1616 909 1667 propriae
938 1629 1069 1653 neces-

42 1677 160 1714 sitatis
189 1678 317 1716 colere
342 1687 380 1715 et
401 1679 649 1729 frequentare
680 1677 907 1728 cogitando,
938 1678 1070 1727 legen-

43 1737 113 1786 do,
141 1739 312 1788 orando,
341 1739 581 1788 obediend03
605 1740 772 1790 quadam
800 1738 1070 1790 hujuscemodi

42 1799 294 1838 familiaritate
317 1801 503 1852 paulatim
532 1801 751 1852 sensimque
780 1805 886 1838 Deus
915 1800 1070 1837 innote—

1132 1126 1237 1162 omni
1264 1139 1404 1176 genere
1431 1126 1615 1176 piscium,
1646 1127 1746 1164 intra
1774 1128 1901 1165 sinum
1930 1142 2007 1165 suae
2034 1129 2160 1166 latitu-

1133 1186 1253 1233 dinis,
1274 1187 1467 1224 charitatis
1489 1196 1569 1224 rete
1587 1188 1808 1225 concludit:
1827 1188 1893 1225 ubi
1913 1203 1951 1226 se
1967 1203 2039 1239 pro
2062 1198 2160 1227 tem-

1133 1260 1229 1297 pore
1262 1247 1443 1284 omnibus
1469 1248 1739 1296 conformans,
1769 1250 2021 1299 omniumque
2051 1251 2088 1286 in
2119 1264 2158 1288 se

1134 1308 1213 1344 sive
1241 1321 1452 1358 prospera,
1471 1308 1551 1345 sive
1581 1308 1742 1346 adversa
1772 1308 1988 1358 trajiciens,
2015 1325 2161 1361 suaque.

1134 1367 1427 1417 quodammodo
1451 1368 1615 1415 faciens,
1635 1382 1713 1405 non
1735 1370 1859 1406 solum
1885 1370 2052 1420 gaudere
2075 1386 2161 1409 cum

1134 1428 1413 1479 gaudentibus,
1432 1428 1497 1465 sed
1519 1429 1632 1466 etiam
1653 1430 1745 1467 flere
1765 1444 1852 1467 cum
1874 1431 2056 1469 flentibus
2072 1447 2165 1470 con-

1135 1491 1271 1527 suevit.
1296 1490 1368 1527 Sed
1395 1504 1483 1527 cum
1502 1491 1723 1541 pervenerit
1745 1491 1793 1528 ad
1813 1492 1938 1538 littus,
1955 1494 2061 1530 velut
2078 1508 2163 1531 ma·-

1135 1551 1193 1588 los
1224 1552 1347 1602 pisces
1373 1565 1489 1589 omne
1514 1552 1621 1602 quod
1653 1552 1756 1589 triste
1776 1553 1934 1603 patitur,
1954 1554 2054 1591 foras
2079 1556 2164 1592 mit-

1137 1621 1239 1659 tens,
1255 1613 1335 1650 sola
1350 1627 1436 1663 quae
1454 1614 1606 1664 placere
1625 1622 1662 1650 et
1674 1613 1848 1663 jucunda
1864 1628 1945 1652 esse
1963 1624 2162 1666 poterunt,

1136 1674 1332 1712 retinebit.
1363 1675 1560 1726 Numquid
1593 1675 1695 1712 enim
1734 1684 1847 1723 tunc,
1881 1676 1990 1713 verbi
2018 1679 2162 1726 gratia,

1136 1736 1276 1774 Paulus
1292 1745 1358 1773 aut
1374 1736 1633 1774 infirmabitur
1647 1751 1735 1774 cum
1750 1737 1930 1783 infirmis,
1949 1747 2014 1775 aut
2030 1753 2052 1775 u
2060 1748 2165 1776 retur

1138 1810 1211 1848 pro
1257 1797 1542 1845 scandalizatis,
1573 1797 1637 1834 ubi
1671 1798 1848 1835 scandala
1884 1807 1922 1836 et
1956 1799 2159 1837 infirmitas

42 1860 132 1908 scit,
164 1872 446 1913 consequenter
472 1871 510 1900 et
536 1863 721 1900 dulcescit
743 1878 750 1899 :
774 1871 811 1899 et
837 1863 889 1899 sic
918 1870 1070 1912 gustato
1092 1859 1119 1895 C
1141 1859 1279 1909 procul
1315 1860 1457 1895 erunt?
1484 1868 1550 1896 aut
1576 1868 1678 1896 certe.
1703 1857 1849 1909 lugebit
1877 1873 1941 1896 eos
1981 1861 2047 1910 qui
2076 1870 2163 1898 ante

41 1934 157 1972 quam
185 1924 312 1961 suavis
339 1933 397 1962 est
426 1925 637 1972 Dominus,
670 1924 805 1962 transit
834 1923 883 1960 ad
914 1923 1069 1960 tertium

42 1981 223 2032 gradum,
245 1992 287 2020 ut
307 1984 437 2035 diligat
460 1989 584 2022 Deum
598 2015 607 2032 ,
627 1998 706 2022 non
721 1984 800 2034 jam
824 1991 987 2034 propter
1007 1996 1067 2028 se,

43 2042 109 2079 sed
126 2052 290 2094 propter
310 2045 450 2096 ipsum.
470 2049 567 2084 Sane
585 2046 624 2082 in
644 2046 719 2083 hoc
736 2045 857 2096 gradu
878 2053 1015 2089 statur,
1034 2052 1071 2080 et

3 2119 11 2122 “
42 2104 172 2141 nescio
185 2105 215 2142 si
227 2119 247 2142 a
259 2119 456 2157 quoquam
469 2107 671 2144 hominum
684 2115 844 2157 quartus
858 2106 896 2142 in
908 2105 979 2142 hac
994 2105 1071 2141 vita

41 2164 211 2215 perfecte
232 2167 553 2217 apprehenditur,
572 2176 615 2205 ut
632 2181 670 2205 se
694 2167 837 2204 scilicet
854 2167 971 2203 homo
986 2165 1069 2202 dili-

43 2234 106 2277 gat
126 2235 273 2265 tantum
303 2238 467 2280 propter
493 2233 631 2267 Deum.
646 2234 829 2267 Asserant
853 2228 927 2265 hoc
954 2227 983 2264 si
1003 2227 1068 2277 qui

43 2289 193 2339 experti
207 2299 297 2328 sunt
315 2306 322 2329 :
340 2292 432 2328 mihi
445 2321 455 2339 ,
473 2292 614 2339 fateor,
632 2290 869 2342 impossibile
897 2289 1062 2326 videtur.

44 2348 127 2386 Erit
144 2358 271 2388 autem
289 2353 424 2403 procul
444 2352 563 2390 dubio
581 2366 669 2390 cum
686 2351 930 2389 introductus
951 2350 1068 2387 fuerit

45 2422 176 2448 servus
195 2410 323 2450 bonus
346 2421 385 2450 et
403 2413 526 2451 fidelis
551 2414 589 2450 in
610 2412 791 2463 gaudium
809 2411 967 2450 Domini
984 2411 1042 2447 sui
1055 2439 1064 2456 ,

47 2477 86 2506 et
96 2469 305 2510 inebriatus
321 2473 368 2511 ab
383 2473 559 2511 ubertate
577 2474 716 2511 domus
732 2473 813 2511 Dei.
830 2472 947 2522 Quasi
963 2472 1068 2509 enim

48 2527 193 2578 ebrius,
216 2533 315 2571 miro
340 2534 510 2584 quodam
533 2534 650 2571 modo
668 2533 812 2571 oblitus
832 2534 909 2579 sui,
930 2541 967 2569 et
989 2546 1009 2569 a
1029 2545 1068 2569 se

48 2590 202 2640 penitus
224 2594 331 2631 velut
351 2594 552 2641 deficiens,
572 2603 677 2632 totus
695 2602 831 2645 perget
851 2593 888 2630 in
919 2596 1040 2630 Deum
1056 2621 1066 2639 ‚

48 2658 86 2687 et
112 2650 292 2705 deinceps
320 2655 519 2693 adhaerens
545 2656 579 2693 ei
608 2669 708 2693 unus
736 2655 894 2707 spiritus
925 2654 1009 2691 erit.

101 2712 138 2749 9.
154 2714 336 2753 Arbitror
348 2717 423 2754 1100
436 2716 669 2768 prophetam
683 2717 844 2754 sensisse
861 2729 948 2752 cum
966 2715 1070 2752 dice-

49 2782 107 2811 ret
124 2776 312 2813 :Introibo
331 2780 577 2827 inpotentius
590 2779 750 2814 Domini
763 2780 979 2821 5-Dwnine,
998 2789 1072 2811 me-

50 2837 224 2874 morabor
240 2841 404 2885 justicioe
434 2847 514 2874 tuoe
536 2840 686 2875 soliu52.
717 2836 868 2876 Sciebat
896 2836 1071 2887 profecto

51 2910 136 2935 cum
159 2898 340 2935 introiret
355 2899 395 2935 in
423 2898 641 2949 spirituales
665 2899 859 2949 potentias
889 2897 1070 2942 Domini,

51 2966 205 2995 exutum
234 2971 273 2996 se
304 2958 352 2995 iri
383 2959 575 2996 universis
603 2958 894 2996 infirmitatibus
924 2958 1073 3002 carnis,

52 3025 95 3054 ut
105 3016 182 3067 jam
207 3019 260 3056 nil
280 3018 328 3056 de
349 3033 465 3057 carne
488 3019 651 3057 haberet
672 3020 860 3070 cogitare,
883 3018 950 3056 sed
971 3026 1074 3055 totus

52 3077 91 3115 in
107 3079 242 3130 spiritu
259 3090 541 3118 memoraretur
553 3081 712 3131 justitiae
731 3082 803 3118 Dei
819 3081 947 3118 solius.
967 3083 1075 3117 Tunc

53 3151 124 3189 pro
144 3149 247 3178 certo
272 3140 421 3192 singula
444 3142 584 3179 Christi
606 3142 780 3179 membra
808 3141 935 3179 dicere
961 3148 1074 3191 pote-

52 3208 141 3238 runt
164 3201 212 3239 de
232 3215 292 3249 se,
314 3203 420 3254 quod
446 3204 585 3242 Paulus
610 3204 735 3242 aiebat
756 3204 803 3241 de
827 3203 951 3255 capite
972 3217 979 3239 ε
1004 3204 1074 3238 Ec-

100 3340 112 3356 ¹
142 3340 156 3368 1
177 3339 248 3369 Cor.
276 3350 338 3377 κν,
366 3342 421 3376 46,
445 3343 501 3372 49.
523 3360 569 3364 -—
594 3347 607 3363 ²
630 3342 711 3373 Psal.
745 3353 829 3379 Lxx,
858 3345 909 3373 16.
931 3359 976 3364 κ-
1000 3337 1012 3361 3
1032 3341 1060 3369 11
1079 3339 1153 3368 Cor.
1177 3350 1214 3375 v,
1245 3343 1295 3370 16.
1332 3359 1364 3363 e-
1390 3339 1532 3370 51001:
1558 3351 1624 3377 xv,
1653 3343 1706 3369 510.
1731 3357 1776 3361 -»
1807 3335 1819 3356 5

0 3435 1 3438 Ἴ
54 3386 72 3410 ⁶
94 3391 174 3424 Psal.
208 3404 355 3432 Lxxxvt,
382 3398 413 3426 2.
430 3414 473 3418 -—
491 3401 504 3425 7
528 3393 610 3428 ibid.
637 3399 668 3427 7.
697 3415 742 3418 —-
764 3394 777 3415 ³
799 3395 865 3426 lsai⁴
886 3408 961 3434 LXI,
981 3398 1012 3427 7.

1138 1932 1216 1956 non
1247 1928 1410 1970 egerunt
1429 1921 1718 1971 poenitentiam,
1745 1920 1810 1957 ubi
1831 1930 1979 1958 certum
2006 1931 2081 1970 est,
2109 1923 2162 1959 510

1139 1980 1336 2017 neminem
1375 1995 1466 2019 sane
1502 1982 1584 2019 fore
1615 1982 1681 2032 qui
1718 1982 1922 2032 poeniteat,
1960 1984 2160 2033 quomodo

1139 2042 1205 2092 qui
1223 2051 1357 2092 peccet
1374 2056 1453 2079 non
1477 2043 1572 2079 erit?
1586 2043 1696 2081 Absit
1717 2052 1845 2080 autem
1862 2052 1905 2080 ut
1924 2045 1985 2081 vel
2004 2058 2069 2081 eos
2098 2045 2164 2095 qui

1138 2103 1293 2154 ignibus
1319 2105 1471 2141 aeternis
1494 2118 1581 2142 cum
1605 2104 1760 2142 diabolo
1780 2115 1817 2142 et
1837 2106 1980 2155 angelis
1998 2105 2079 2156 ejus
2098 2107 2164 2143 de-

1138 2165 1301 2215 putandi
1334 2175 1444 2212 sunt,
1478 2167 1635 2217 plangat
1667 2176 1704 2204 et
1737 2167 1876 2204 defleat
1911 2168 1948 2204 in
1978 2168 2042 2204 illa
2069 2169 2165 2205 ciri-

1139 2234 1240 2274 tate,
1273 2241 1388 2277 quam
1426 2228 1596 2266 fluminis
1622 2229 1790 2279 impetus
1812 2228 2025 2276 laetificat⁵‚
2058 2229 2168 2279 cujus

1137 2287 1260 2337 diligit
1277 2289 1469 2325 Dominus
1487 2298 1619 2339 portas
1636 2303 1753 2340 super
1771 2290 1901 2327 omnia
1920 2289 2168 2327 tabernacula

1134 2347 1254 2386 Jacob
1267 2347 1301 2395 ⁶3
1316 2349 1421 2399 quod
1434 2350 1612 2387 videlicet
1628 2351 1666 2387 in
1688 2350 1944 2388 tabernaculis
1958 2352 2028 2388 etsi
2046 2366 2168 2402 quan-

1137 2408 1266 2459 doque
1286 2410 1478 2460 gaudetur
1493 2411 1540 2448 de
1556 2411 1717 2448 victoria
1730 2440 1739 2457 ‚
1759 2411 1960 2448 laboratur
1978 2421 2104 2449 tamen
2124 2413 2164 2449 111

1137 2482 1286 2520 pugna,
1315 2479 1353 2507 et
1380 2471 1610 2521 plerumque
1635 2473 1878 2522 periclitatur
1907 2472 1954 2509 de
1987 2473 2065 2510 vita
2092 2489 2100 2510 z
2125 2474 2164 2510 in

1137 2530 1201 2567 illa
1225 2539 1352 2568 autem
1383 2532 1508 2582 patria
1534 2532 1639 2569 nulla
1668 2546 1828 2583 prorsus
1856 2532 2072 2570 admittitur
2100 2535 2165 2570 ad-

1137 2592 1298 2629 versitas
1315 2593 1394 2629 sive
1416 2593 1566 2629 tristitia
1580 2622 1589 2639 ‚
1611 2593 1938 2643 quemadmodum
1958 2593 2004 2630 de
2026 2595 2089 2631 illa
2107 2610 2167 2632 ca-

1085 2658 1120 2692 D
1137 2652 1257 2700 nitur,
1276 2655 1379 2690 Sicut
1396 2657 1610 2690 loetamium
1632 2659 1801 2690 munium
1821 2654 2010 2691 habitatio
2031 2660 2070 2691 in
2088 2663 2168 2704 tc73

1138 2723 1177 2752 et
1198 2727 1352 2751 rursum
1367 2744 1376 2761 ,
1405 2718 1562 2751 Laetitia
1583 2721 1815 2764 sempiterna
1837 2720 1910 2751 erit
1927 2720 1981 2751 cis
1995 2714 2023 2752 8.
2046 2717 2170 2753 Deni-

1142 2789 1217 2826 que
1251 2775 1449 2825 quomodo
1479 2775 1752 2813 misericordiae
1783 2775 2067 2821 recordabitur,
2103 2775 2170 2813 ubi

1140 2835 1422 2874 memorabitur
1450 2836 1609 2887 justitiae
1638 2837 1710 2875 Dei
1739 2837 1881 2874 solius?
1908 2837 2076 2874 Proinde
2107 2837 2172 2874 ubi

1140 2896 1218 2947 J'am
1246 2910 1325 2933 non
1345 2897 1433 2934 erit
1462 2898 1624 2935 miseriae
1651 2898 1779 2945 locus,
1802 2907 1868 2935 aut
1896 2898 2170 2935 misericordiae

1143 2966 1319 3007 tempus,
1354 2958 1484 2995 nullus
1512 2959 1690 3010 profecto
1724 2972 1805 2997 esse
1833 2959 1979 3010 poterit
2011 2959 2171 2995 misera-

1148 3017 1264 3053 tionis
1285 3017 1455 3055 affectus.

1201 3079 1260 3116 10.
1280 3083 1458 3130 Longum
1480 3080 1638 3130 quidem
1659 3081 1783 3118 adhuc
1803 3089 1933 3118 texere
1952 3093 2169 3117 sermonem

1142 3140 1349 3177 insatiabili
1373 3142 1623 3192 colloquendi
1643 3142 1691 3179 ad
1714 3155 1783 3179 vos
1805 3141 1995 3179 desiderio
2024 3141 2170 3190 pulsor,

1143 3201 1278 3239 fratres
1309 3203 1384 3240 mei
1411 3203 1625 3240 charissimi
1652 3211 1690 3240 et
1719 3201 2029 3240 desideratissimi
2064 3214 2071 3235 ε
2102 3199 2166 3236 sed

1861 3335 1941 3366 Psal.
1963 3345 2020 3364 xm
2038 3358 2045 3368 ‚
2071 3338 2102 3366 J).
2119 3353 2164 3357 -ψ
