2517 3936
63 227 158 264 1057
705 232 770 266 De
801 231 1228 267 CONSIDERHIONE
1257 235 1402 269 Lmen
1432 238 1491 270 iv.
2041 249 2136 284 105⁸

53 306 150 343 licet.
172 303 289 342 Rides
315 317 376 341 me
400 305 573 350 forsitan,
598 305 681 342 fore
698 306 948 344 incurabilem
972 304 1114 356 per-⁴³⁵
1132 308 1288 345 nominc
1305 309 1534 357 gloriantes,
1569 312 1660 348 nibil
1690 314 1759 351 sibi
1791 327 2008 367 reputantes
2037 323 2135 360 indi-

49 377 194 402 suasus.
217 364 303 402 Noli
326 364 520 411 diffidere3
545 378 675 401 curam
700 367 874 416 exigeris,
894 380 973 403 non
994 379 1064 402 cu-
1078 367 1110 400 A
1131 380 1262 417 gnum,
1282 369 1354 404 nisi
1369 369 1474 418 quod
1495 371 1605 407 saluti
1625 373 1753 410 ovium
1768 375 1922 415 obviare
1939 389 2130 429 putarent,

49 424 250 461 rationem.
263 424 436 474 Denique
451 424 588 461 audisti
604 440 612 461 ;
635 426 771 462 Curam
790 430 893 462 illizts
914 426 1055 472 lenb013

47 492 85 521 et
113 497 215 530 non,
261 487 383 531 Cura,
415 486 494 532 vel,
524 488 622 522 Sana
651 486 758 523 illud.
791 491 933 524 Verum
962 487 1058 524 dixit

46 543 203 594 quidam
225 557 233 580 :

142 668 217 698 Non
232 671 279 697 est
294 665 327 697 in
342 665 466 697 medico
480 676 603 709 semper
619 667 776 699 relevetur
793 673 825 698 ut
841 678 921 709 {eger
934 672 960 697 ².

93 791 144 825 At
172 786 308 824 melius
343 799 524 837 propono
547 787 593 824 de
623 788 697 825 tuis
730 787 809 824 tibi.
840 787 979 825 Paulus
1000 788 1058 824 lo-

39 846 193 897 quitur;
220 849 315 883 Plus
334 847 506 883 omnibus
536 846 702 884 laboravi
723 846 750 884 ³.
773 851 861 885 Non
883 848 948 894 ait,
968 848 1056 885 Plus

40 906 220 945 omnibus
239 907 388 957 profui,
409 916 487 954 aut,
501 908 590 945 Plus
610 907 791 945 omnibus
810 908 1051 954 fructificavi,

41 966 203 1005 verbum
222 967 392 1004 insolens
412 967 694 1017 religiosissime
714 968 849 1005 vitans.
866 968 969 1005 Alias
989 981 1054 1005 au-

40 1035 117 1064 tem
153 1036 316 1065 noverat
349 1027 467 1065 homo
499 1041 614 1078 quem
649 1028 782 1066 docuit
806 1033 934 1075 Deus,
963 1029 1051 1078 quia

1123 439 1201 463 non
1224 436 1439 476 quaerentcs
1459 443 1543 478 quae
1564 444 1630 467 sua
1652 442 1753 477 sunt,
1777 436 1840 470 scd
1856 437 2130 487 impendentes,

1123 486 1351 535 Impendere
1370 500 1512 534 curam,
1531 488 1752 538 impendere
1768 492 2013 533 substantiam
2027 528 2037 544 ,
2056 500 2128 536 im-

1124 545 1292 595 pendere
1309 555 1346 582 et
1367 560 1405 583 se
1419 547 1534 596 ipsos.
1548 549 1660 586 Unde
1676 563 1774 587 unus
1792 552 1964 590 illorum:
1981 558 2032 592 Et
2046 572 2126 607 ego,

1125 606 1198 651 ait,
1220 610 1534 656 superimpendar
1553 623 1626 658 pro
1651 611 1853 648 animabus
1881 619 2015 650 vestris
2035 623 2061 653 7.
2084 622 2130 655 Et

1126 675 1306 716 tanquam
1347 667 1541 715 dicerent,
1585 674 1671 707 Non'
1700 672 1874 710 venimus
1904 675 2129 724 ministrari,

1124 727 1190 764 sed
1209 728 1445 774 ministrare;
1471 729 1686 779 ponebant,
1708 733 1858 781 quoties
1875 735 2127 784 oportuisset,

1124 789 1204 826 sine
1221 798 1378 839 sumptu
1400 791 1663 840 Evangelium.
1682 795 1792 830 Unus
1808 802 1888 830 erat
1907 794 1952 831 de
1969 795 2130 835 subditis

1124 858 1304 899 quaestus,
1326 863 1402 886 una
1418 864 1583 901 pompa,
1604 865 1755 902 unaque
1777 854 1973 904 voluptas,
1994 856 2024 892 si
2051 871 2128 906 quo

1122 909 1239 947 modo
1260 923 1324 947 eos
1345 920 1501 960 possent
1518 925 1654 961 parare
1672 915 1841 951 Domino
1862 915 2014 965 plebem
2041 931 2129 968 pcr—

1121 971 1268 1007 fectam.
1284 971 1327 1008 Id
1342 972 1573 1009 omnimodis
1587 973 1820 1023 satagebant,
1832 975 1944 1012 etiam
1958 977 1995 1013 in
2013 979 2128 1015 multa

1119 1031 1348 1068 contritione
1383 1032 1507 1069 cordis
1544 1041 1581 1069 et
1619 1034 1813 1083 corporis,
1851 1035 1889 1071 in
1928 1036 2059 1074 labore
2093 1048 2130 1075 ct

41 1087 304 1137 unusquisque
339 1087 551 1124 secundum
591 1102 704 1125 suum
743 1087 916 1125 laborem
950 1088 1052 1125 acci·
1073 1089 1101 1123 B
1121 1104 1308 1136 aerumna,
1330 1091 1368 1128 in
1386 1092 1482 1128 fame
1502 1101 1538 1128 et
1552 1093 1632 1140 siti,
1653 1094 1692 1130 in
1720 1095 1858 1144 frigore
1879 1105 1916 1132 et
1941 1097 2124 1135 nuditate.

39 1147 118 1198 piet
133 1148 162 1195 4,
190 1161 269 1185 non
288 1147 500 1185 secundum
524 1157 772 1199 proventum.
791 1151 838 1185 Et
854 1148 904 1185 ob
923 1148 996 1184 hoc
1015 1148 1054 1184 in

39 1208 234 1246 laboribus
253 1209 381 1260 potius
409 1223 524 1259 quam
550 1210 590 1247 in
617 1209 854 1260 profectibus
883 1209 1055 1259 glorian—

39 1268 131 1306 dum
162 1270 338 1319 putavit,
369 1270 468 1307 sicut
495 1269 585 1307 alibi
613 1283 771 1320 quoque
792 1269 909 1307 habes
926 1270 1052 1320 ipsum

36 1328 225 1366 dicentem
247 1344 255 1366 :
275 1333 322 1365 In
343 1329 532 1366 laboribus
555 1332 731 1379 plurimis
750 1328 777 1366 ⁵.
793 1333 871 1375 Ita,
894 1343 1023 1379 quaeso
1039 1359 1049 1375 ,

14 1396 16 1398 ’
38 1388 97 1425 fac
121 1396 162 1426 tu
191 1389 296 1439 quod
318 1398 427 1427 tuum
454 1398 512 1427 est
539 1405 547 1427 ε
579 1404 666 1427 nam
684 1393 787 1428 Deus
813 1389 919 1440 quod
939 1403 1051 1427 suum

37 1457 95 1486 est
121 1450 210 1487 satis
237 1449 382 1501 absque
414 1458 478 1488 tua
511 1450 769 1488 sollicitudine
796 1460 834 1487 et
860 1451 1051 1487 anxietate

37 1509 196 1547 curabit.
217 1511 372 1557 Planta,
391 1511 471 1561 riga
486 1539 496 1558 ‚
518 1510 574 1547 fer
597 1524 726 1548 curam
742 1526 751 1556 3
770 1519 808 1547 et
826 1519 909 1547 tuas
925 1511 1051 1560 expli-

36 1570 176 1608 cuistia
192 1579 334 1621 partes.
353 1573 451 1608 Sane
471 1571 769 1616 incrementum,
790 1570 857 1607 ubi
873 1570 1050 1616 voluerit,

37 1630 143 1668 dabit
169 1635 296 1677 Deus,
323 1644 401 1668 non
442 1639 495 1668 tu.
519 1630 598 1669 Ubi
627 1632 726 1668 forte
757 1631 947 1677 noluerit,
984 1629 1053 1667 tibi

36 1690 191 1741 deperit*
217 1691 337 1737 nihil,
371 1690 522 1727 dicente
546 1691 743 1740 Scriptura
765 1705 773 1727 ε
792 1693 937 1727 Reddet
950 1693 1052 1727 Deus

36 1753 242 1789 mercedem
261 1751 429 1788 laborum
449 1760 661 1788 sanctorum
681 1765 830 1787 suorum
846 1749 874 1788 5.
890 1753 1052 1788 Securus

35 1810 157 1858 labor,
178 1824 294 1861 quem
312 1811 441 1848 nullus
467 1811 570 1848 valet
593 1824 780 1848 evacuare
802 1810 984 1847 defectus.
1006 1813 1054 1848 Et

1175 1151 1210 1187 4.
1233 1150 1309 1189 [bi
1328 1165 1443 1198 nunc,
1462 1166 1605 1202 quaeso,
1627 1155 1865 1192 consuetudo
1885 1156 1964 1193 haec
1979 1158 1993 1193 Ρ
2006 1157 2128 1195 Subiit

1123 1211 1314 1248 dissimilis
1345 1212 1475 1258 valde3
1514 1213 1626 1263 longe
1660 1215 1699 1250 in
1733 1215 1834 1251 aliud
1864 1225 2007 1254 mutata
2041 1229 2128 1256 sunt

1121 1269 1266 1315 studia,
1296 1278 1333 1306 et
1358 1270 1502 1306 utinam
1524 1284 1602 1308 non
1628 1272 1668 1307 in
1687 1271 1809 1321 pejus.
1828 1276 1926 1311 Cura
1944 1284 2069 1313 tamen
2091 1287 2128 1314 et

1119 1329 1313 1374 anxietas,
1346 1338 1384 1365 et
1416 1331 1607 1367 aemulatio
1622 1360 1631 1377 ,
1674 1339 1710 1367 et
1730 1333 1968 1381 sollicitudo,
1991 1335 2124 1382 fateor,

1119 1398 1378 1441 perseverant.
1389 1391 1584 1427 Translata
1591 1391 1686 1438 haee,
1697 1405 1775 1429 non
1789 1393 1999 1431 imminuta.
2013 1398 2129 1433 Testi-

1120 1452 1292 1488 monium
1318 1449 1428 1487 vobis
1448 1450 1630 1500 perhibeo
1645 1481 1655 1498 ,
1677 1452 1782 1501 quod
1811 1466 1880 1490 nec
1907 1453 2126 1493 substantiae

1118 1511 1295 1561 parcitiS,
1317 1524 1396 1548 non
1424 1512 1541 1561 magis
1560 1525 1673 1561 quam
1701 1521 1799 1550 ante.
1825 1514 1986 1551 Diversa
2002 1524 2127 1553 autem

1119 1571 1256 1608 locatio
1289 1570 1636 1609 dissimilitudinem
1668 1573 1767 1609 facit.
1798 1577 1934 1623 Magna
1963 1574 2126 1613 abusio!

1118 1631 1228 1681 pauci
1250 1631 1297 1668 ad
1318 1644 1360 1668 os
1377 1631 1619 1682 legislatoris,
1641 1632 1688 1669 ad
1710 1646 1843 1670 manus
1859 1647 1990 1672 omnes
2005 1637 2128 1686 respi—

1119 1692 1237 1729 ciunt.
1261 1695 1347 1728 Non
1375 1692 1565 1729 immerito
1592 1701 1732 1730 tamen.
1751 1696 1873 1731 Omne
1895 1696 2031 1745 papale
2056 1710 2125 1733 ne-

1118 1753 1264 1804 gotium
1286 1753 1358 1790 illae
1381 1751 1399 1775 b
1416 1762 1544 1803 agunt.
1566 1756 1689 1802 Quem
1718 1754 1824 1791 dabis
1850 1755 1943 1792 mihi
1971 1756 2017 1794 de
2050 1766 2129 1794 tota

1120 1814 1285 1850 maxima
1303 1812 1412 1859 urbe,
1430 1813 1495 1863 qui
1517 1821 1553 1850 te
1565 1813 1605 1850 in
1622 1817 1763 1864 Papam
1784 1816 1982 1864 receperit,
2004 1817 2128 1866 pretio

32 1871 110 1925 ,hoc
122 1872 284 1910 dixerim
305 1871 449 1922 absque
466 1871 693 1923 praejudicio
711 1871 852 1908 divinae
869 1872 1053 1921 potentiae
1076 1872 1102 1908 C
1120 1887 1187 1911 seu
1208 1887 1274 1924 spe
1295 1873 1408 1923 pretii
1437 1886 1515 1910 non
1541 1873 1846 1910 interveniente?
1872 1877 1917 1911 Et
1949 1883 2038 1912 tunc
2055 1890 2129 1926 po-

35 1940 73 1969 et
97 1932 293 1970 bonitatis.
315 1933 402 1971 Scio
417 1932 642 1970 induratum
664 1945 731 1969 cor
748 1932 886 1982 populi
904 1931 1021 1981 hujus
1043 1945 1051 1966 ε

36 1992 102 2030 sed
122 2001 262 2044 potens
277 2001 335 2031 est
349 1997 454 2031 Deus
474 1992 520 2030 de
548 1992 741 2044 lapidibus
766 1992 847 2030 istis
873 1992 1053 2030 suscitare

36 2052 134 2089 filios
143 2051 328 2090 Abrahae.
341 2053 435 2102 Quis
455 2052 526 2090 scit
541 2053 572 2090 si
587 2061 803 2090 revertatur
815 2060 853 2089 et
866 2052 1051 2102 ignoscat,

36 2121 236 2150 convertat
254 2121 292 2150 et
312 2122 421 2151 sanet
440 2114 530 2150 eos?
559 2113 633 2150 Sed
663 2126 742 2150 non
775 2121 831 2149 est
862 2112 1053 2163 propositi

35 2173 109 2211 mei
137 2173 281 2211 dictare
308 2177 392 2211 Deo
422 2173 517 2224 quid
548 2173 672 2210 facere
693 2172 857 2210 debeat:
884 2171 953 2209 tibi
978 2172 1052 2209 uti-

35 2242 125 2271 nam
150 2233 321 2284 possim,
347 2247 434 2284 quae
466 2241 623 2284 oportet
657 2241 695 2270 et
726 2241 844 2284 prout
874 2240 1049 2282 oportet,

35 2292 207 2331 suadere.

36 2384 38 2386 .
88 2354 125 2391 3.
147 2356 198 2391 At
229 2354 339 2391 locus
375 2353 544 2397 dubius,
579 2361 618 2390 et
648 2353 875 2403 scrupulosa
913 2352 1053 2389 incidit

37 2413 258 2465 disputatiO.
271 2418 368 2453 Nam
386 2413 453 2452 ubi
467 2414 622 2452 adoriar
634 2414 761 2451 dicere
779 2413 885 2464 quod
902 2413 1053 2450 sentio?

0 2474 1 2481 ’
35 2474 155 2514 Video
169 2475 258 2513 satis
271 2475 365 2526 quid
382 2475 571 2513 imminet.
583 2474 821 2513 Clamabitur
838 2474 1052 2520 insuetu1n3

35 2548 124 2572 nam
149 2535 297 2585 justum
324 2536 457 2586 negari
484 2549 564 2573 non
585 2535 741 2586 poterit.
768 2538 848 2585 Ego
877 2547 970 2571 vero
1004 2546 1052 2570 ne

35 2595 227 2633 insuetum
246 2596 404 2646 quidem
424 2597 664 2634 assenserim.
683 2600 829 2646 Nempe
859 2602 1053 2632 assuetum

1121 1935 1307 1972 tissimum
1331 1934 1468 1971 volunt
1495 1933 1706 1979 dominari,
1741 1947 1827 1971 cum
1854 1934 2016 1984 professi
2044 1936 2128 1973 fue-

1120 1995 1197 2032 rint
1211 1994 1448 2032 servitutem.
1469 1993 1616 2032 Fideles
1637 2007 1676 2030 se
1696 1993 1901 2043 spondent,
1916 2003 1958 2031 ut
1984 2008 2131 2046 oppor-

1121 2055 1250 2092 tunius
1289 2053 1497 2091 fidentibus
1535 2062 1712 2091 noceant.
1749 2057 1805 2091 Ex
1846 2054 1920 2091 hoc
1952 2068 2030 2092 non
2060 2056 2131 2092 erit

1120 2115 1322 2153 consilium
1345 2113 1414 2150 tibi
1443 2127 1463 2150 a
1492 2126 1569 2163 quo
1602 2127 1640 2150 se
1672 2113 1857 2151 arcendos
1872 2123 2031 2164 putent,
2051 2129 2130 2152 non

1119 2183 1307 2213 secretum
1337 2187 1413 2224 quo
1442 2187 1481 2210 se
1516 2187 1594 2209 1101]
1626 2174 1810 2222 ingerant.
1840 2174 1877 2212 Si
1910 2182 2031 2210 stante
2058 2188 2129 2224 pro

1119 2236 1267 2274 foribus
1283 2247 1477 2285 quoquam
1495 2234 1670 2280 illorum,
1690 2247 1835 2270 moram
1859 2235 1920 2271 vel
1940 2234 2129 2271 modicam

1119 2297 1249 2334 fecerit
1269 2295 1467 2340 ostiarius;
1494 2307 1563 2343 ego
1584 2302 1674 2334 tunc
1699 2307 1772 2343 pro
1793 2294 1859 2330 illo
1884 2307 1964 2331 esse
1990 2295 2082 2331 nolo
2100 2302 2127 2331 ⁰.

1119 2362 1165 2395 Et
1186 2371 1289 2394 nunc
1305 2356 1479 2406 experire
1500 2354 1630 2404 paucis
1645 2383 1654 2400 ,
1672 2354 1898 2391 noverimne
1919 2363 1955 2390 et
1975 2367 2044 2404 ego
2070 2355 2127 2391 vel

1120 2418 1357 2468 aliquatenus
1381 2428 1504 2452 mores
1525 2414 1658 2464 gentis.
1676 2420 1774 2452 Ante
1791 2415 1920 2451 omnia
1935 2414 2126 2465 sapientes

1120 2487 1210 2516 sunt
1229 2486 1270 2515 ut
1288 2477 1426 2514 faciant
1447 2476 1568 2521 mala,
1594 2473 1740 2512 bonum
1767 2482 1894 2510 autem
1921 2474 2042 2510 facere
2057 2487 2126 2510 ne·

1120 2539 1256 2576 sciunt.
1280 2537 1329 2574 Hi
1356 2536 1469 2572 invisi
1488 2544 1596 2571 terrae
1615 2542 1652 2570 et
1671 2534 1766 2570 coelo
1785 2548 1792 2569 ε
1813 2534 1965 2582 utrique
1985 2533 2002 2548 *
2025 2533 2124 2582 inje-

1120 2612 1204 2636 cere
1219 2610 1366 2644 manus,
1382 2595 1489 2646 impii
1508 2596 1545 2632 in
1566 2599 1703 2641 Deum,
1722 2593 1911 2630 temerarii
1926 2593 1965 2629 in
1980 2601 2122 2638 sancta,

0 2669 2 2672 ·
36 2655 149 2695 fuisse
169 2657 270 2703 scio,
291 2671 335 2695 ac
359 2671 431 2708 per
460 2658 536 2695 hoc
563 2658 602 2694 in
639 2657 849 2694 dissuetum
882 2655 1052 2706 potuisse
1069 2662 1103 2697 D
1122 2658 1290 2697 seditiosi
1322 2658 1360 2694 in
1385 2656 1572 2701 invicem,
1595 2653 1719 2690 aemuli
1752 2654 1790 2689 in
1819 2653 1988 2698 vicinos,
2009 2652 2123 2689 inhu-

2 2733 5 2770 J
35 2716 165 2754 venire

4 2868 8 2907 ι

5 2946 9 3000 ἑ

6 3040 10 3067 l

9 3230 12 3246 l

9 3257 12 3271 Ι

10 3288 13 3298 1

10 3333 15 3405 l

14 3569 20 3700 i

190 2731 199 2754 :
224 2717 289 2755 sed
316 2731 396 2755 non
424 2718 551 2755 redire
574 2718 614 2755 in
638 2718 846 2755 insuetum.
870 2722 931 2754 An
958 2729 1051 2752 vero

36 2785 227 2815 assuetum
249 2778 337 2828 quis
358 2787 493 2828 neget,
524 2778 631 2828 quod
657 2786 807 2815 constat
828 2790 906 2814 non
936 2775 1052 2813 modo

34 2836 238 2887 aliquando
261 2838 402 2875 factum
415 2867 425 2886 ‚
445 2838 522 2876 ‘sed
546 2838 782 2889 aliquamdiu
811 2838 1050 2874 factitatum?

35 2897 135 2946 Quid
156 2898 252 2935 illud
280 2899 329 2935 sit
353 2899 485 2937 -dicam
502 2929 512 2946 ,
547 2908 586 2937 et
612 2912 691 2936 non
722 2899 909 2950 proderit.
942 2898 1046 2935 Cur?

35 2957 130 3006 Quia
145 2971 225 2995 11011
245 2958 412 3010 placebit
427 2959 601 3010 satrapis,
618 2959 705 3010 plus
726 2957 912 3008 majestati
933 2969 1048 3007 quain

36 3017 184 3055 veritati
206 3018 434 3056 faventibus.
448 3024 622 3058 Fuerunt
640 3027 729 3057 ante
749 3027 784 3055 te
807 3018 874 3068 qui
891 3031 930 3055 se
948 3025 1048 3054 totos

35 3076 170 3115 ovibus
191 3079 392 3129 pascendis
409 3089 664 3131 exponerent,
685 3079 850 3131 pastoris
874 3090 991 3128 opere
1009 3085 1047 3113 et

1119 2720 1222 2756 mani
1253 2719 1292 2755 in
1321 2726 1522 2753 extraneos
1557 2730 1565 2751 z
1596 2727 1692 2763 quos
1731 2713 1922 2749 neminem
1955 2721 2124 2749 amantes

1119 2789 1220 2818 amat
1237 2792 1369 2824 nemo,
1382 2786 1418 2814 et
1433 2789 1517 2813 011111
1532 2775 1657 2812 timeri
1673 2774 1851 2811 affectant
1866 2772 1913 2809 ab
1931 2772 2124 2818 omnibus,

1118 2854 1251 2879 omnes
1269 2840 1426 2876 timeant
1446 2848 1598 2873 necesse
1620 2842 1687 2871 est.
1709 2834 1758 2870 Hi
1774 2841 1862 2870 sunt
1881 2833 1947 2882 qui
1967 2832 2123 2870 subesse

1114 2914 1193 2938 non
1219 2898 1430 2942 sustinent,
1459 2907 1622 2945 praeesse
1649 2906 1727 2929 non
1748 2901 1917 2938 norunt,
1946 2892 2124 2942 superio-

1116 2960 1221 2997 ribus
1254 2957 1426 2994 infideles
1443 2984 1452 3001 ,
1487 2952 1735 2991 inferioribus
1770 2950 2045 3002 importabiles.
2075 2951 2124 2988 Hi

1115 3016 1364 3057 inverecundi
1391 3015 1438 3052 ad
1467 3013 1692 3065 petendum,
1714 3012 1761 3049 ad
1777 3011 1995 3062 negandum
2017 3012 2124 3048 fron-

1115 3080 1185 3116 tosi
1206 3077 1235 3114 d.
1255 3077 1302 3113 Hi
1321 3074 1534 3126 importuni
1551 3083 1591 3110 ut
1611 3073 1810 3123 accipiant,
1825 3072 1986 3121 inquieti
2001 3071 2122 3107 donec

84 3229 95 3245 ¹
114 3227 191 3257 Luc.
210 3237 246 3264 x,
275 3229 331 3258 35.
349 3245 398 3251 —
419 3233 434 3249 2
459 3227 587 3260 Ovid.1
611 3227 650 3259 de,
676 3230 798 3265 Ponto,
819 3227 896 3267 eleg.
927 3228 978 3256 10.
996 3241 1040 3246 —
1059 3219 1072 3242 ³
1090 3225 1103 3252 1
1121 3221 1192 3252 Cor.
1212 3229 1267 3254 xv,
1301 3220 1352 3247 10.
1369 3234 1414 3238 —
1434 3214 1448 3241 ⁵
1466 3214 1514 3246 Id.
1535 3226 1596 3251 111,
1625 3216 1656 3244 8.
1673 3232 1718 3235 —
1745 3211 1757 3234 5
1779 3216 1810 3243 11
1827 3214 1899 3243 cor.
1918 3223 1974 3248 xx,
2003 3214 2056 3241 23.
2078 3227 2120 3232 ‘-

35 3269 144 3320 ⁶5np.
162 3289 208 3317 x,
238 3281 293 3312 17.
312 3297 357 3302 —
377 3283 439 3311 711
459 3282 534 3312 Cor.
552 3283 713 3318 x11,15.

77 3339 91 3354 ²
106 3338 193 3370 Alias
204 3363 212 3377 ‚
227 3338 403 3384 explevisti.
422 3358 468 3362 —
480 3333 497 3356 Β
510 3340 598 3372 Alias
612 3364 619 3378 ‚
640 3338 699 3371 illi.
716 3358 760 3362 —
776 3344 789 3359 e
807 3338 857 3369 Sic
877 3335 1089 3378 manuscripti.
1109 3333 1195 3365 Alias
1210 3356 1216 3369 ,
1235 3329 1399 3361 noluerim.

82 3389 99 3410 ⁴¹
114 3390 162 3422 Sic
176 3392 209 3423 in
221 3392 352 3435 epistola
373 3396 436 3425 198
458 3418 466 3432 ,
488 3393 658 3435 frontosus
675 3392 720 3424 ad
738 3390 980 3427 verecundiam,
999 3400 1030 3420 n.
1049 3392 1078 3419 1.

168 3464 257 3488 TOM.
288 3466 335 3488 11.
