2565 3952
87 187 135 222 65
840 181 1101 217 PRAEFATIO
1144 180 1439 216 GENERALIS.
2146 184 2196 216 (ὶῦ

91 299 105 313 υ
135 279 310 333 propria
324 278 457 331 actio,
476 288 614 318 mores
631 275 840 331 perversi,
859 272 1016 327 dogma
1028 270 1276 314 detestabile
1293 271 1591 327 scorpionibus
1609 277 1650 313 et
1668 272 1997 326 parricidalibus
2014 272 2194 327 dignum

90 380 104 394 »
134 362 424 413 protestantur
456 357 690 412 suppliciis,
724 376 738 390 »
778 357 820 396 Is
843 354 923 396 sub
945 354 1147 396 ementito
1182 372 1196 387 τ(
1235 353 1470 394 sanctitatis
1495 357 1536 394 et
1571 353 1756 394 scientiae
1794 372 1808 387 υ
1840 353 2012 394 nomine
2048 353 2193 406 turpia

83 438 243 492 flagitia
261 451 460 479 exercens
476 469 487 490 ‚
507 437 699 478 omnium
730 435 978 476 mortalium
1004 452 1019 468 c<
1054 444 1275 485 excessus,
1297 432 1459 474 caeteris
1482 433 1722 486 incognitos
1741 464 1752 485 ,
1781 452 1795 467 »
1822 444 1874 473 ex
1907 430 1998 473 solo
2019 435 2192 484 aspectu

82 531 125 559 se
147 530 400 571 cognoscere
417 514 649 571 jactitabat.
670 515 787 556 Missi
812 513 866 555 ad
884 514 1178 555 Cenomannos
1198 510 1285 552 duo
1306 510 1395 566 ejus
1421 510 1644 566 discipuli,
1675 529 1690 545 f<
1716 510 1783 552 die
1802 511 1964 552 Cineris
1986 508 2195 551 suburbia

88 617 104 632 »
131 597 314 638 civitatis
343 615 358 631 »
393 596 639 649 attigerunt.
669 612 683 628 c<
722 592 935 635 Gerebant
969 604 1020 633 ex
1046 591 1113 632 sui
1143 591 1340 632 Doctoris
1366 589 1675 632 consuetudine
1704 589 1880 631 baculos
1905 601 1952 630 ac
1985 587 2193 629 x‘exillum

88 695 103 710 »
132 675 292 727 crucis,
311 673 452 715 colore
483 678 525 715 et
554 673 757 714 exteriori
784 671 1105 713 conversatione
1139 668 1338 711 habitum
1366 668 1679 724 praetendentes
1699 668 2017 723 poenitentium.
2046 686 2061 703 υ
2104 668 2193 708 Hac

81 754 219 809 specie
247 753 385 795 delusi
402 753 684 805 Cenomanni,
700 764 771 794 eos
795 770 810 786 «
832 755 1039 806 tanquam
1056 749 1227 804 angelos
1242 753 1536 803 susceperunt.
1561 766 1577 783 υ
1603 747 1785 789 Eosdem
1801 747 1927 788 etiam
1951 765 1966 779 <1
1994 744 2150 787 blande
2170 765 2185 780 »

81 834 245 888 excepit
264 832 540 875 Hildebertus
560 833 811 888 episcopus,
838 831 915 886 qui
942 849 958 865 «
990 831 1233 872 Romanum
1252 830 1333 871 iter
1369 847 1385 863 υ
1416 840 1718 883 aggressurus,
1745 844 1760 862 «
1794 827 1906 868 inter
1925 830 2075 868 caetera
2103 825 2192 866 suis

85 933 100 948 »
129 912 316 968 injunxit
333 913 642 955 archidiaconis
658 944 669 964 ,
699 916 749 954 ut
780 911 844 952 illi
865 910 1243 966 pseudo-eremitae
1261 909 1448 952 Henrico
1468 907 1695 963 pacificum
1720 908 1962 962 ingressum
1991 910 2032 948 et
2056 906 2191 948 lieen-

87 1012 102 1028 »
131 994 235 1034 tiam
259 993 570 1035 sermocinandi
598 993 652 1035 ad
683 993 895 1048 populum
915 992 1210 1046 permitterent
1234 1004 1242 1030 :
1271 1008 1285 1024 >›
1327 987 1449 1043 cujus
1468 988 1531 1029 rei
1557 986 1833 1043 postmodum
1859 987 2002 1041 ipsum
2022 985 2192 1027 abunde

79 1072 294 1126 poenituit.
326 1073 389 1114 Ex
406 1072 474 1113 his
493 1072 604 1114 forte
622 1073 719 1127 quis
748 1071 927 1123 inferat,
951 1071 1186 1111 Henricum
1204 1069 1335 1111 fuisse
1354 1073 1498 1109 ortum
1515 1080 1566 1108 ex
1590 1068 1785 1122 proxima
1812 1066 2093 1108 Cenomannis
2127 1078 2194 1107 re-

79 1151 230 1205 gione,
253 1151 413 1206 quibus
440 1152 631 1206 primum
665 1163 751 1192 suae
783 1162 994 1205 perversae
1026 1149 1230 1191 doctrinae
1254 1150 1374 1190 virus
1395 1148 1656 1203 propinavit.
1693 1148 1733 1188 Si
1766 1146 1880 1187 enim
1911 1145 1997 1201 jam
2020 1131 2194 1187 aliunde

79 1235 208 1273 notus
230 1231 406 1284 fuisset,
446 1232 615 1273 eumin
650 1243 772 1272 suam
791 1231 1007 1271 civitatem
1042 1241 1129 1270 non
1160 1233 1248 1269 tam
1286 1227 1408 1268 facile
1440 1226 1679 1268 admisisset
1705 1225 1981 1267 Hildebertus
2019 1226 2192 1266 antistes

79 1309 230 1352 doctus
250 1315 292 1352 et
325 1311 532 1352 oculatus.
556 1312 717 1352 Verum
740 1323 792 1351 ex
824 1310 1062 1364 longinqua
1082 1309 1255 1362 regione
1293 1308 1404 1348 istuc
1427 1305 1625 1346 accedere
1653 1306 1822 1360 potuit,
1859 1309 1900 1345 et
1928 1303 2107 1346 fortasse
2142 1316 2193 1345 ex

80 1390 202 1431 Italia
217 1422 228 1441 ‚
246 1395 296 1432 ut
317 1395 465 1445 postea
484 1390 644 1431 dicturi
667 1402 831 1432 sumus.

137 1470 265 1511 LXX.
301 1470 487 1511 Henrico
521 1470 737 1510 civitatem
763 1469 979 1523 ingresso,
1012 1486 1027 1501 α
1064 1467 1223 1522 vulgus
1258 1466 1383 1508 solito
1406 1478 1525 1507 more
1548 1463 1763 1519 applausit
1800 1463 1994 1505 novitati.
2029 1484 2042 1497 2>
2078 1463 2194 1515 Quin

81 1549 207 1591 etiam
239 1567 254 1583 «
294 1548 490 1604 plerique
519 1548 775 1590 clericorum
797 1547 935 1589 eidem
970 1547 1173 1588 alimenta
1197 1546 1527 1597 ministrabant,
1554 1544 1832 1599 tribunalque
1865 1542 2193 1598 praeparabant,

86 1647 102 1663 »
129 1627 244 1670 unde
263 1628 537 1669 concionator
559 1627 630 1669 ille
653 1627 802 1670 turbas
820 1627 1136 1682 alloqueretur,
1163 1646 1178 1660 »
1204 1625 1281 1680 qui
1305 1644 1320 1659 «
1342 1625 1503 1666 mirum
1523 1623 1576 1666 ad
1600 1623 1777 1665 modum
1810 1622 2021 1663 facundus
2042 1626 2145 1663 crat.

78 1708 139 1748 Eo
160 1707 331 1760 audito,
357 1726 373 1742 «
400 1707 522 1763 plebs
544 1708 588 1749 in
607 1707 783 1749 clericos
802 1720 925 1749 versa
951 1710 1014 1748 est
1030 1706 1075 1746 in
1097 1704 1290 1746 furorem
1307 1738 1317 1758 ,
1344 1725 1359 1741 >›
1384 1718 1454 1746 eos
1472 1703 1634 1745 habens
1659 1723 1673 1737 «
1697 1704 1807 1744 sicut
1826 1703 2017 1744 ethnicos
2040 1707 2081 1744 ct
2110 1716 2195 1757 pu-

85 1806 100 1821 »
131 1786 319 1829 blicanos
340 1802 349 1829 :
371 1787 476 1829 adeo
496 1792 546 1829 ut
567 1787 741 1829 famulis
759 1800 910 1829 eorum
930 1788 1170 1828 minaretur
1196 1787 1433 1840 cruciatus,
1451 1799 1529 1828 nec
1548 1787 1608 1828 eis
1634 1784 1801 1840 aliquid
1820 1783 2025 1837 vendere,
2059 1784 2121 1826 vel
2143 1785 2196 1826 ab

85 1885 100 1901 »
131 1866 191 1908 eis
210 1879 349 1908 emere
368 1867 540 1908 vellent.
570 1887 584 1902 »
627 1869 720 1908 lino
747 1885 762 1900 «
803 1879 891 1907 non
912 1871 1082 1908 tantum
1102 1879 1253 1908 eorum
1282 1866 1392 1908 aedes
1419 1866 1624 1917 obruere,
1659 1868 1699 1905 et
1725 1863 1837 1905 bona
1859 1862 2091 1917 dissipare,
2120 1864 2195 1905 sed

84 1964 99 1980 »
128 1945 224 1988 illos
257 1945 476 2001 lapidare,
501 1951 575 1988 aut
596 1946 770 2001 affigere
790 1945 983 2001 patibulo
1002 1945 1305 2000 decreverant,
1344 1946 1427 1986 nisi
1446 1946 1646 2000 princeps
1678 1948 1719 1985 et
1746 1943 1971 1997 optimates
2000 1942 2195 1984 nefandis

84 2044 99 2060 »
130 2025 306 2067 ausibus
332 2027 600 2068 restitissent.
632 2046 648 2063 »

136 2106 286 2147 LXXI.
307 2107 399 2148 Hoc
419 2107 555 2148 serius
580 2107 679 2149 licet
707 2111 941 2161 comperto,
965 2105 1105 2147 clerus
1126 2102 1486 2145 Cenomannensis
1506 2101 1709 2153 Henrico,
1733 2099 1912 2155 ejusque
1936 2100 2060 2141 sociis
2077 2112 2190 2154 prae-

77 2185 332 2228 dicationem
346 2186 460 2228 edito
477 2186 622 2228 libello
637 2186 874 2228 interdixit.
903 2186 1044 2238 Quare
1061 2184 1288 2236 Henricus,
1309 2182 1551 2224 Hildeberti
1568 2182 1712 2224 reditu
1733 2181 1962 2232 intellecto,
1984 2200 1998 2214 «
2022 2181 2192 2222 secessit

83 2285 99 2301 υ
136 2265 182 2306 111
205 2270 394 2307 castrum
426 2266 790 2319 Sancti-Carilefi,
822 2286 836 2301 »
868 2277 1144 2319 nequaquam
1176 2262 1228 2303 ab
1256 2263 1454 2317 incoeptis
1474 2262 1696 2316 desistens,
1723 2261 1797 2304 sed
1823 2261 1877 2303 ad
1907 2261 2053 2317 pejora
2082 2275 2187 2316 pro-

77 2356 281 2399 rumpens
306 2345 352 2385 in
371 2344 475 2386 dies.
502 2345 681 2386 Interim
706 2358 805 2386 cum
823 2344 1119 2396 Hildebertus,
1144 2356 1196 2384 ex
1218 2344 1410 2384 Romano
1430 2343 1582 2384 itinere
1612 2354 1831 2394 reversus,
1860 2341 2024 2396 populo
2055 2341 2187 2383 bene—

77 2423 308 2466 dictionem
333 2425 546 2480 impertiri
568 2425 716 2477 vellet,
746 2425 923 2479 indigne
948 2425 1122 2466 habitus
1146 2426 1207 2464 est
1227 2435 1250 2463 a
1270 2423 1448 2477 populo,
1470 2422 1659 2463 haeretici
1675 2421 1946 2462 sermonibus
1966 2426 2185 2477 corrupto.

75 2504 183 2544 Tum
209 2503 281 2545 ille
299 2503 568 2545 seductorem
584 2504 713 2557 adiit,
735 2505 975 2546 sciscitatus
990 2536 1000 2556 ,
1026 2523 1041 2538 «
1067 2501 1192 2557 cujus
1219 2502 1384 2544 ordinis
1402 2502 1656 2556 fungeretur
1676 2500 1836 2542 officio.
1862 2520 1877 2535 »
1910 2501 1991 2541 Hic
2010 2513 2112 2542 rero
2143 2514 2186 2543 se

74 2580 301 2624 diaconum
318 2596 407 2624 esse
426 2583 649 2639 respondit
669 2599 677 2625 :
701 2585 779 2639 qui
799 2598 849 2626 ex
870 2584 943 2626 illa
959 2586 1182 2639 provincia
1201 2583 1418 2626 discedere
1449 2582 1617 2636 jussus,
1642 2600 1656 2615 «
1680 2581 1789 2622 clam
1802 2580 1993 2634 aufugit,
2016 2584 2186 2621 caeteras

82 2680 98 2697 »
134 2663 351 2717 regiones,
373 2664 457 2705 nisi
487 2664 606 2706 ocior
631 2669 741 2706 esset
774 2664 910 2718 fama,
933 2665 1063 2706 simili
1094 2664 1223 2706 modo
1243 2662 1599 2720 perturbaturus,
1628 2679 1643 2696 ³>
1681 2664 1722 2702 et
1741 2661 1937 2716 viperino
1972 2659 2077 2701 flatu
2108 2672 2185 2702 suo

75 2741 326 2785 infecturus.
353 2728 570 2786 Hactenus
599 2757 650 2786 ex
669 2745 786 2786 Actis
814 2744 1069 2787 Hildebcrti.

130 2822 301 2865 LXXII.
323 2824 442 2865 Inter
464 2824 554 2865 haec
568 2823 655 2865 duo
676 2825 852 2866 Henrici
874 2824 1097 2879 discipuli,
1115 2824 1358 2880 Cyprianus
1377 2825 1419 2863 et
1444 2822 1613 2873 Petrus,
1633 2817 1686 2860 ab
1708 2818 1799 2874 ejus
1824 2819 2053 2874 praestigiis
2070 2819 2179 2860 resi-

76 2907 289 2956 puerunt,
319 2908 370 2945 ut
402 2903 534 2946 fidem
564 2904 666 2945 facit
698 2904 912 2959 encyclica
941 2905 1182 2946 Hildeberti
1209 2902 1388 2958 epistola
1416 2901 1726 2956 septuagesima
1757 2905 1926 2953 octava,
1951 2902 1996 2941 in
2024 2912 2110 2954 qua
2128 2900 2188 2940 ita

77 2990 224 3022 eorum
259 2984 461 3037 magister
494 2983 744 3038 depingitur
770 2999 778 3025 z
808 3003 822 3018 «
858 2986 1070 3026 Henricus
1100 2984 1137 3025 is
1167 2987 1278 3035 erat,
1310 2994 1491 3035 magnus
1515 2979 1676 3021 diaboli
1701 2979 1903 3034 laqueus,
1936 2984 1976 3021 et
2010 2978 2188 3020 celebris

83 3075 99 3092 »
135 3061 317 3115 armiger
330 3062 585 3104 antichristi.
607 3063 719 3104 Huic
737 3067 779 3104 et
795 3062 946 3104 habitu
966 3062 1231 3117 religionem,
1248 3065 1290 3102 et
1307 3059 1450 3101 verbis
1468 3059 1753 3101 litteraturam
1770 3058 2003 3110 simulanti,
2020 3057 2184 3098 tamdiu

85 3154 100 3171 »
137 3141 374 3195 praescripti
407 3141 561 3183 fratres
591 3142 887 3194 adhaeserunt,
914 3142 1049 3184 donec
1074 3142 1133 3184 eis
1159 3145 1200 3182 et
1229 3138 1456 3194 turpitudo
1490 3138 1536 3178 in
1560 3138 1662 3190 vita,
1695 3141 1736 3178 et
1773 3150 1893 3178 error
1917 3137 2105 3178 innotuit
2137 3136 2182 3175 in

87 3230 103 3246 ²>
137 3216 344 3262 doctrina.
365 3219 448 3262 Ubi
477 3221 592 3262 enim
615 3226 910 3275 cognoverunt
938 3221 1029 3262 vias
1061 3219 1152 3275 ejus
1174 3221 1265 3260 vias
1298 3231 1387 3260 esse
1421 3231 1509 3259 non
1533 3221 1682 3270 rectas,
1706 3217 1828 3272 prius
1863 3215 1915 3258 ad
1947 3229 1989 3258 se
2025 3215 2182 3256 reversi

89 3308 104 3324 υ
141 3298 260 3345 511Πὶ·;
287 3298 441 3341 dehinc
473 3299 527 3341 ad
557 3313 635 3341 nos
654 3301 937 3352 transierunt,
962 3299 1086 3354 cujus
1113 3299 1331 3340 dioecesim
1364 3299 1424 3338 sic
1452 3297 1674 3348 infecerat,
1707 3302 1756 3338 ut
1779 3297 1964 3337 renitens
1987 3296 2025 3336 ei
2045 3294 2182 3335 clerus

89 3387 103 3403 ”
141 3371 213 3412 Vix
232 3372 343 3413 intel*
363 3378 541 3427 parietes
566 3379 750 3421 ecclcsiae
773 3392 894 3421 suam
914 3383 1107 3421 tueretur
1126 3378 1379 3420 libertatem.
1404 3397 1417 3412 »-
1449 3378 1513 3419 Ita
1532 3375 1808 3417 Hildebertus
1826 3375 1961 3416 serius
1984 3371 2155 3421 agnovit
2171 3403 2181 3422 ,

249 3470 296 3493 'ro
302 3471 323 3491 n
334 3487 340 3493 .
387 3471 413 3493 1.
1977 3458 1996 3493 3
