2517 3936
101 199 196 239 1073

768 206 834 240 DE
869 205 1293 247 CONSIDERATIONE
1330 216 1475 251 LIBER
1496 220 1538 253 V.

2079 232 2172 269 1075

94 278 333 317 desiderare:
353 291 373 314 a
389 290 464 327 qua
480 277 622 327 injuria
644 291 758 315 nemo
785 280 986 318 hominum
1013 285 1351 337 per-⁴⁴³distingni
1381 292 1624 330 nominibus?
1646 296 1843 346 Dicamus,
1866 303 1894 338 si
1924 305 2064 353 placet,
2094 311 2176 358 pri„

95 338 189 375 fecte
206 336 464 375 vindicabitur
477 365 486 382 ‚
506 337 578 373 nisi
605 351 691 374 cum
710 339 872 388 quisque
889 341 1051 377 evaserit

93 397 306 435 libertatem
327 397 494 433 filiorum
511 397 594 433 Dei.
614 400 759 446 Nempe
776 408 889 435 erunt
910 400 948 436 hi
973 414 1106 439 omnes

94 455 277 493 docibiles
296 456 402 502 Dei1,
423 464 461 492 et
480 456 585 492 nulla
614 456 892 495 interveniente
913 469 1104 507 creatura,

93 517 175 554 solo
200 516 302 554 beati
330 519 425 554 Deo.
449 515 691 565 Repatriasse
712 516 785 552 erit
806 517 897 564 hoc,
918 520 1038 557 exisse
1059 521 1105 557 de

91 576 215 627 patria
235 589 443 627 corporum
476 576 515 612 in
543 576 740 625 regionem
773 577 989 626 spirituum.
1019 583 1106 630 Ipsa

91 644 149 674 est
177 640 281 675 Deus
311 644 461 682 noster,
504 637 692 673 maximus
726 636 903 687 spiritus,
942 639 1107 676 maxima

92 697 239 734 mansio
255 697 460 747 spirituum
474 695 675 733 beatorum
695 711 702 733 :
722 705 759 733 et
782 710 830 734 ne
845 697 938 747 quid
959 697 1020 734 hic
1035 698 1106 735 sibi

90 766 251 808 usurpet
265 770 400 795 sensus
417 763 431 779 ³
454 770 521 794 seu
540 757 777 807 imaginatio,
794 757 934 794 veritas
954 766 1032 804 est,
1047 771 1107 795 sa-

90 817 235 868 pientia
253 825 332 866 est,
346 818 467 855 virtus
479 846 489 864 ,
507 817 715 864 aeternitas,
734 831 924 855 summum
945 816 1104 863 bonum.

89 877 204 918 Unde
235 878 388 915 interim
416 877 598 915 absumus
612 876 630 900 b
650 892 658 914 :
676 885 714 914 et
738 877 807 914 ubi
833 891 982 923 sumus,
999 879 1106 916 vallis

90 946 148 976 est
166 938 423 988 lacrymarum
438 967 448 986 ,
474 939 513 975 in
544 952 619 989 qua
641 939 864 976 sensualitas
890 947 1046 988 regnat,
1068 949 1106 976 ct

88 999 344 1038 consideratio
374 1000 524 1037 exsulat
546 1014 554 1036 :
583 1000 622 1036 in
643 1013 718 1050 qua
743 998 863 1036 libere
884 999 1039 1049 quidem
1068 1008 1106 1036 et

1068 355 1106 377 ln
1126 347 1155 379 A
1176 359 1275 383 mam
1315 348 1631 399 dispensativam,
1661 358 1864 396 secundam
1899 365 2174 414 aestimativam,

1172 406 1320 443 tertiam
1351 412 1635 458 speculativam.
1657 418 1803 452 Horum
1834 423 2030 460 nominum
2062 428 2178 463 ratio—

1172 477 1239 501 nes
1281 466 1521 507 definitiones
1549 471 1808 512 declarabunt.
1836 479 2096 528 Dispensativa
2124 496 2178 524 est

1173 526 1427 564 consideratio
1450 530 1622 567 sensibus
1643 533 1959 587 sensibilibusque
1981 542 2091 580 rebus
2117 560 2176 582 or-

1174 584 1302 622 dinate
1344 596 1382 624 et
1418 590 1606 627 socialiter
1648 601 1758 630 utens
1797 595 1842 631 ad
1881 604 2176 646 promerendum

1173 646 1311 682 Deum.
1343 648 1583 686 AEstimativa
1610 659 1666 688 est
1695 654 1947 693 consideratio
1972 661 2180 707 prudenter

1173 716 1215 739 ac
1236 704 1436 755 diligenter
1461 722 1621 758 quaeque
1642 720 1813 750 scrutans
1834 723 1870 751 et
1891 718 2107 765 ponderans
2134 723 2180 759 ad

1172 764 1435 814 vestigandum
1452 772 1587 806 Deum.
1607 773 1846 820 Speculativa
1859 784 1915 812 est
1929 780 2180 819 consideratio

1173 835 1211 859 se
1229 824 1267 860 in
1289 838 1327 862 se
1351 828 1554 877 colligens,
1576 838 1631 876 et,
1654 841 1839 880 quantum
1865 835 2046 876 divinitus
2071 841 2180 890 adju—

1172 893 1305 932 vatur,
1319 886 1433 924 rebus
1452 889 1628 928 humanis
1648 892 1817 930 eximens
1842 895 1888 931 ad
1914 901 2178 949 contemplan-

1173 945 1263 982 dum
1296 951 1433 985 Deum.
1464 953 1560 987 Puto
1591 952 1791 1001 vigilanter
1826 955 1990 994 advertis
2022 960 2177 998 aliarum

1171 1005 1269 1043 hanc
1289 1021 1368 1045 esse
1394 1009 1558 1046 fructum
1577 1026 1585 1047 :
1608 1021 1781 1060 caeteras,
1806 1015 1835 1051 si
1857 1029 1933 1052 non
1963 1020 2179 1060 referantur

85 1060 315 1111 potestative
335 1073 374 1097 se
391 1060 532 1097 exserit
547 1073 680 1097 sensus
703 1073 934 1110 corporeus,
952 1059 1019 1097 sed
1044 1060 1105 1096 in—
1124 1065 1153 1099 B
1173 1066 1219 1102 ad
1246 1067 1376 1116 istam,
1394 1070 1499 1119 quod
1526 1071 1706 1109 dicuntur
1723 1073 1843 1111 videri
1864 1089 1994 1126 posse,
2013 1080 2078 1116 sed
2099 1095 2176 1120 non

88 1119 246 1157 tricatus
270 1120 406 1170 caligat
437 1120 571 1157 oculus
603 1120 824 1170 spiritualis.
854 1119 955 1168 Quid
986 1120 1103 1169 igitur

87 1179 246 1227 mirum,
275 1180 307 1217 si
325 1193 400 1231 ope
416 1180 608 1230 indigenae
629 1179 778 1216 advena
793 1179 963 1229 indiget?
979 1183 1025 1217 Et
1045 1180 1102 1216 fe—

33 1252 35 1254 ·
85 1241 139 1278 lix
160 1240 372 1279 secundum
396 1249 548 1291 tempus
565 1240 710 1287 viator,
732 1239 799 1290 qui
820 1240 960 1277 civium
978 1239 1102 1277 bene-

84 1300 235 1348 ficium,
255 1301 338 1339 sine
364 1314 442 1351 quo
467 1301 628 1338 transire
649 1314 726 1337 non
752 1308 899 1351 potest,
925 1301 965 1337 in
987 1300 1102 1338 obse-

83 1362 217 1411 quium
246 1369 472 1399 convertere
500 1362 647 1413 potuit,
678 1370 809 1408 utens,
836 1375 917 1398 non
945 1362 1099 1408 fruens;

84 1434 247 1472 urgens,
263 1435 342 1460 non
362 1430 516 1473 petens,
530 1431 707 1469 exactor,
723 1435 802 1459 non
817 1423 992 1473 supplex.

459 1549 639 1589 CAPUT
668 1550 709 1588 ΙΙ
716 1580 723 1588 .

236 1673 383 1716 Assignat
409 1673 512 1705 varios
531 1674 787 1707 considerationis
818 1675 943 1718 gradus.

134 1792 170 1830 3.
189 1796 349 1843 Magnus
369 1794 451 1842 ille,
468 1794 536 1845 qui
553 1808 664 1832 usum
686 1808 865 1833 sensuum
880 1825 890 1843 ,
914 1795 1097 1846 quasdam

78 1853 199 1890 veluti
219 1854 361 1892 civium
389 1868 502 1906 opes,
524 1856 744 1906 expendere
765 1856 920 1906 satagit,
943 1856 1098 1906 dispen-
1119 1858 1145 1894 C

78 1913 198 1951 sando
224 1914 262 1952 in
289 1928 398 1953 suam
426 1923 465 1952 et
495 1917 707 1953 multorum
731 1917 905 1954 salutem.
930 1921 1008 1954 Nec
1034 1917 1098 1954 ille

78 1974 227 2023 minor,
248 1975 317 2026 qui
337 1976 440 2014 hunc
464 1976 537 2014 sibi
562 1977 721 2027 gradum
745 1977 793 2014 ad
809 1977 874 2014 illa
890 1977 1097 2015 invisibilia

75 2035 385 2088 philosophando
410 2038 610 2076 constituit
645 2054 652 2075 :
684 2039 756 2076 nisi
782 2039 886 2089 quod
907 2039 982 2075 hoc
1010 2039 1097 2075 dul-

76 2096 175 2144 cius,
190 2097 286 2134 illud
300 2097 451 2145 utiliu53
470 2098 544 2135 hoc
564 2098 709 2136 felicius
721 2127 730 2145 ,
748 2099 843 2136 illud
862 2099 997 2136 fortius
1014 2112 1095 2136 esse

76 2165 237 2195 constat.
256 2160 306 2195 At
327 2157 502 2195 omnium
524 2159 736 2205 maximus,
764 2160 831 2209 qui
859 2167 989 2210 spreto
1009 2159 1094 2209 ipso

76 2230 146 2255 usu
177 2231 306 2255 rerum
330 2226 368 2255 et
394 2231 594 2265 sensuum,
617 2228 803 2269 quantum
833 2220 988 2270 quidem
1018 2219 1092 2256 hu-

73 2289 195 2314 manae
221 2278 412 2328 fragilitati
439 2278 493 2315 fas
516 2287 593 2325 est,
616 2292 695 2315 non
714 2280 940 2317 ascensoriis
961 2279 1091 2330 gradi-

73 2336 166 2386 bus,
196 2338 264 2375 sed
290 2338 499 2389 inopinatis
524 2339 764 2386 excessibus,
788 2341 942 2377 avolare
969 2341 1091 2377 inter-

74 2398 166 2436 dum
192 2399 493 2449 contemplando
521 2400 570 2437 ad
594 2400 658 2438 illa
680 2400 859 2447 sublimia
880 2402 1089 2438 consuevit.

26 2472 29 2474 ·
72 2459 133 2497 Ad
154 2459 228 2497 hoc
242 2459 424 2498 ultimum
450 2474 570 2511 genus
589 2462 675 2499 illos
691 2463 885 2513 pertinere
911 2477 1000 2500 reor
1020 2476 1090 2500 ex-

73 2534 199 2559 cessus
229 2522 348 2559 Pauli.
388 2525 602 2570 Excessus,
636 2537 715 2561 non
748 2537 926 2561 ascensus
959 2539 967 2561 ε
1002 2537 1089 2561 nam

72 2590 224 2632 raptum
253 2582 384 2633 potius
407 2583 540 2631 fuisse,
557 2597 671 2634 quam
705 2585 919 2622 ascendisse
939 2585 1020 2634 ipse
1051 2597 1090 2621 se

70 2642 247 2692 perhibet
271 2650 297 2680 ².
315 2643 411 2680 Inde
434 2652 491 2681 est
519 2645 626 2694 quod
654 2645 806 2683 dicebat
834 2662 841 2683 z

71 2705 302 2749 excedimus,
319 2703 435 2741 De03.
452 2707 575 2742 Porro
592 2705 674 2743 haec
692 2706 763 2743 tria
777 2707 827 2743 ita
842 2707 1085 2756 contingunt,

71 2774 156 2799 cum
186 2762 465 2810 consideratio,
486 2764 556 2801 etsi
588 2765 627 2801 in
653 2765 740 2802 loco
768 2766 1088 2816 peregrinationis

25 2836 50 2873 φ
70 2835 170 2870 suae,
191 2823 346 2861 virtutis
366 2824 493 2862 studio
507 2853 516 2870 ,
540 2833 578 2861 et
609 2824 804 2874 adjutorio
827 2827 956 2876 gratiae
988 2827 1085 2863 facta

70 2883 264 2933 superior,
285 2885 570 2922 sensualitatem
600 2894 666 2922 aut
695 2886 838 2936 premit
865 2900 913 2923 ne
942 2886 1084 2923 insole-

52 2949 166 2989 ⁰scat,
187 2950 254 2979 aut
269 2943 371 2992 cogit
386 2957 435 2980 ne
454 2953 638 2995 evagetur
654 2974 664 2991 ,
688 2954 753 2982 aut
774 2946 869 2996 fugit
887 2959 934 2982 ne
954 2946 1084 2994 inqui-

69 3009 146 3038 net.
163 3005 208 3039 In
227 3003 354 3053 primo
368 3005 566 3054 potentior
578 3033 588 3051 ‚
607 3005 648 3042 in
662 3005 833 3043 secundo
851 3006 1028 3052 liberior,
1045 3005 1085 3041 in

70 3061 182 3099 tertio
213 3064 360 3113 purior.
389 3065 570 3103 Puritatis
599 3066 790 3117 siquidem
819 3075 856 3103 et
886 3066 1085 3103 alacritatis

70 3122 214 3171 pariter
233 3123 301 3161 alis
317 3124 360 3161 fit
385 3125 448 3162 ille
469 3127 632 3164 volatus.

122 3182 158 3220 4.
172 3183 237 3221 Vis
252 3183 319 3221 tibi
335 3185 403 3222 has
421 3186 740 3224 considerationis
759 3188 904 3237 species
918 3185 1086 3237 propriis

1168 1137 1260 1163 esse.
1290 1130 1338 1163 Et
1377 1129 1483 1178 prior
1515 1130 1668 1178 quidem
1702 1131 1843 1182 absque
1881 1136 2022 1173 intuitu
2063 1139 2177 1188 hujus

1169 1186 1288 1223 multa
1304 1189 1413 1234 serit,
1435 1198 1472 1225 et
1492 1190 1584 1226 nihil
1604 1191 1710 1228 metit
1729 1207 1736 1228 ε
1757 1206 1919 1242 sequens
1935 1209 2027 1233 vero
2043 1199 2114 1235 nisi
2128 1201 2175 1236 ad

1168 1246 1278 1283 istam
1307 1261 1346 1285 se
1376 1249 1533 1299 dirigat,
1562 1251 1683 1298 vadit,
1712 1253 1776 1289 sed
1804 1267 1882 1290 non
1910 1257 2047 1294 evadit.
2075 1262 2175 1309 Ergo

1169 1308 1275 1357 quod
1296 1309 1418 1358 prima
1445 1319 1572 1360 aptat,
1596 1313 1763 1350 secunda
1790 1314 1942 1362 odorat,
1968 1319 2076 1354 tertia
2105 1333 2174 1369 gu—

1169 1376 1254 1405 stat.
1272 1369 1332 1406 Ad
1349 1384 1462 1420 quem
1480 1379 1607 1408 tamen
1630 1382 1782 1422 gustum
1803 1375 2018 1424 perducunt
2042 1387 2079 1415 et
2103 1393 2176 1417 cae-

1170 1437 1281 1476 terae,
1297 1430 1365 1467 etsi
1386 1431 1530 1468 tardius
1548 1447 1555 1468 :
1575 1432 1646 1469 nisi
1662 1433 1767 1482 quod
1783 1435 1907 1484 prima
1924 1436 2152 1477 laboriosius
2164 1469 2173 1487 ,

1170 1490 1335 1528 secunda
1353 1492 1518 1542 quietius
1538 1494 1771 1544 pervenitur.

1527 1622 1705 1661 CAPUT
1735 1623 1813 1662 III.

1168 1742 1212 1771 Ea
1228 1749 1297 1781 quae
1317 1749 1411 1781 supra
1430 1749 1487 1770 nos
1510 1744 1581 1770 sunt
1598 1762 1605 1775 ,
1632 1741 1736 1769 Deum
1760 1739 1875 1771 scilicet
1903 1747 1933 1772 et
1951 1743 2106 1784 Angelos,
2128 1745 2172 1776 in-

1333 1794 1476 1835 vestigari
1497 1792 1662 1836 opinione,
1690 1793 1768 1830 fide,
1792 1799 1822 1824 et
1840 1794 2008 1828 intellectu,

1220 1919 1256 1954 5.
1270 1916 1429 1962 Dixisti,
1446 1915 1572 1965 inquis
1583 1945 1592 1962 ,
1607 1915 1695 1952 satis
1709 1928 1784 1965 qua
1799 1915 2044 1954 ascendatur:
2059 1920 2170 1957 etiam

1165 1990 1243 2026 quo
1265 1975 1548 2013 ascendendum
1562 2004 1571 2021 ,
1596 1975 1722 2012 dicere
1742 1974 1870 2012 habes.
1891 1977 2063 2024 Falleris,
2085 1979 2114 2016 si
2133 1980 2170 2016 id

1165 2050 1294 2087 speras
1327 2052 1334 2073 :
1367 2034 1560 2072 ineffabile
1587 2043 1654 2072 est.
1682 2039 1737 2072 Tu
1768 2048 1828 2072 me
1849 2036 2038 2074 existimas
2067 2038 2171 2088 loqui

1165 2096 1270 2147 quod
1287 2097 1422 2133 oculus
1442 2109 1521 2132 non
1537 2095 1655 2142 vidit,
1675 2109 1744 2132 nec
1772 2096 1872 2133 auris
1893 2097 2056 2145 audivit,
2075 2108 2112 2136 et
2131 2101 2168 2136 in

1162 2171 1229 2193 cor
1243 2157 1407 2193 hominis
1430 2169 1507 2192 non
1535 2155 1730 2192 ascendit?
1750 2155 1878 2200 Nobis,
1898 2158 2044 2207 inquit,
2065 2174 2166 2196 rewe-

1161 2219 1250 2252 lavit
1266 2220 1368 2253 Deus
1383 2230 1457 2265 per
1474 2217 1652 2264 Spiritum
1669 2229 1774 2250 suum
1792 2215 1818 2252 ⁴'.
1835 2218 1932 2266 Ergo
1949 2230 2033 2266 quae
2053 2231 2167 2269 supra

1159 2286 1267 2323 sunt,
1286 2290 1365 2313 non
1381 2274 1500 2312 verbo
1528 2275 1714 2311 docentur
1727 2304 1736 2320 ,
1757 2275 1822 2311 sed
1849 2276 1982 2325 spiritu
1999 2279 2168 2315 revelan-

1159 2346 1233 2375 tur,
1254 2342 1396 2374 Verum
1418 2335 1521 2385 quod
1542 2348 1666 2372 sermo
1687 2348 1765 2371 non
1786 2336 1966 2385 explicat,
1991 2338 2165 2375 conside-

1159 2399 1255 2435 ratio
1293 2405 1457 2447 quaerat,
1485 2396 1607 2432 oratio
1643 2404 1814 2444 expetat,
1847 2405 2040 2434 mereatur
2069 2398 2145 2434 vita
2153 2427 2163 2445 ,

1158 2460 1303 2510 puritas
1324 2465 1556 2507 assequatur.
1579 2459 1675 2493 Sane
1696 2468 1829 2491 eorum
1847 2456 2062 2493 admonitus
2079 2471 2163 2506 quae

1157 2533 1273 2570 supra
1294 2527 1401 2563 sunt,
1427 2530 1504 2553 non
1527 2524 1561 2552 te
1582 2515 1772 2552 existimes
1793 2515 1890 2551 mitti
1910 2528 1929 2551 a
1958 2528 2017 2552 me
2038 2517 2161 2566 suspi-

1157 2594 1242 2618 cere
1271 2581 1410 2626 solem,
1437 2579 1586 2623 lunam,
1616 2577 1756 2622 stellas,
1779 2589 1855 2612 non
1887 2576 2010 2626 ipsum
2034 2577 2163 2613 firma-

866 2648 947 2682 δῖοι)
967 2655 1089 2682 mente
1106 2648 1138 2681 D
1157 2651 1351 2686 mentum,
1367 2652 1444 2676 non
1464 2650 1578 2688 aquas
1599 2650 1682 2686 quae
1703 2649 1816 2685 super
1832 2636 1943 2672 coelos
1964 2644 2065 2672 sunt.
2086 2640 2161 2673 Ista

1155 2701 1341 2752 siquidem
1369 2699 1517 2744 omnia,
1546 2696 1615 2734 etsi
1638 2709 1753 2746 supra
1773 2696 1881 2742 loco,
1907 2696 2031 2745 pretio
2063 2696 2160 2733 infra

1155 2773 1264 2808 sunt,
1286 2770 1323 2798 et
1341 2759 1521 2809 dignitate
1550 2765 1695 2794 naturae
1718 2771 1726 2792 ε
1752 2764 1841 2792 sunt
1857 2756 1958 2792 enim
1983 2769 2157 2806 corpora.

1155 2824 1225 2861 Tui
1247 2822 1374 2873 portio
1402 2819 1556 2869 spiritus
1578 2826 1648 2863 est,
1672 2829 1749 2866 quo
1770 2815 1944 2865 superius
1964 2816 2160 2866 quidpiam

1152 2886 1291 2921 frustra
1327 2880 1489 2932 quaeris,
1519 2877 1621 2928 quod
1652 2890 1729 2913 non
1766 2877 1814 2913 sit
1843 2875 2010 2925 spiritus.
2039 2879 2160 2913 Porro

1151 2943 1305 2994 spiritus
1331 2950 1385 2978 est
1405 2944 1527 2985 Deus,
1548 2946 1635 2974 sunt
1664 2945 1702 2973 et
1731 2937 1866 2986 Angeli
1896 2936 2035 2983 sancti,
2057 2946 2094 2974 et
2120 2937 2159 2974 hi

1151 3017 1267 3054 supra
1287 3011 1335 3038 te.
1351 3000 1423 3038 Sed
1445 3002 1547 3035 Deus
1568 3006 1705 3034 natura
1719 3026 1728 3043 ,
1750 2995 1885 3046 Angeli
1902 2997 2022 3046 gratia
2043 3010 2158 3047 supe-

1152 3064 1272 3101 riores
1297 3069 1397 3098 sunt.
1416 3063 1545 3097 L‘num
1567 3058 1751 3107 siquidem
1776 3057 1830 3094 tui
1854 3064 1892 3093 et
1908 3057 2041 3106 Angeli
2057 3057 2159 3106 opti—

1152 3137 1278 3168 mum,
1301 3121 1398 3159 ratio
1431 3129 1487 3157 est
1518 3134 1525 3156 :
1564 3124 1666 3157 Deus
1696 3132 1790 3156 vero
1819 3131 1897 3154 non
1927 3118 1984 3154 sui
2015 3118 2156 3167 aliquid

1151 3183 1340 3234 optimum
1365 3180 1502 3226 habet,
1530 3193 1651 3217 unum
1682 3178 1871 3230 optimum
1895 3185 2006 3214 totus.
2031 3179 2090 3223 Is,
2120 3185 2156 3212 et

117 3328 127 3343 ¹
148 3326 311 3364 Joan.V1,
331 3327 386 3357 45.
404 3344 449 3349 -—
471 3332 483 3347 Ξ
498 3330 531 3359 ΙΙ
545 3329 619 3359 Cor.
640 3329 865 3365 x11‚l-4.—
884 3324 897 3347 3
916 3324 964 3356 Id.
982 3326 1088 3361 v,13.
1106 3340 1149 3344 —
1165 3321 1178 3348 4
1194 3325 1207 3353 Ι
1223 3325 1294 3354 Cor.
1313 3333 1359 3358 11,
1377 3323 1410 3357 9,
1438 3323 1491 3350 10,

116 3385 128 3399 ³
145 3384 252 3424 Alias,
277 3386 382 3418 carnis
402 3398 572 3419 sensus.—
590 3388 605 3409 ¹³
624 3388 732 3425 Alias,
754 3399 772 3417 a
793 3397 852 3431 qna)
872 3385 994 3416 [merim
1011 3382 1167 3414 absanms.
