2517 3920
285 227 381 264 1523

279 305 416 341 coelum
434 317 546 341 xoces
561 332 570 349 ,
591 304 754 342 infertur
771 305 939 342 oratorio
959 304 1139 342 abbatum
1156 305 1286 340 hume-

730 229 764 263 S.
796 227 1051 263 BERNARDI
1080 229 1183 263 ABE.
1216 227 1360 261 LIBER
1390 228 1455 261 DE
1486 229 1599 262 VtTA
1630 228 1667 263 S.
1699 227 1919 263 MALACH.

1290 302 1338 319 GUK'·

2267 227 2365 264 1521

1352 303 1407 339 illi
1434 304 1736 354 impedimento,
1759 318 1874 354 quam
1906 304 2005 341 usui.
2034 308 2119 353 Quo
2147 313 2366 355 comperto,

280 365 340 401 ris.
360 364 457 402 Vicit
472 364 583 411 fides,
607 365 818 416 triumphat
837 366 994 403 affectus
1009 396 1017 411 ,
1041 379 1100 402 res
1119 366 1156 401 in
1176 378 1286 401 suum
1309 364 1338 398 A
1358 364 1467 399 innui
1502 372 1543 400 ut
1574 364 1771 401 accederet
1799 379 1807 401 t
1836 373 1874 401 et
1904 364 2183 414 apprehensam
2221 361 2381 401 aridam*

279 424 434 461 devenit
465 433 603 462 statum
631 441 638 463 :
665 436 799 463 cuncta
836 435 1023 476 geruntur
1054 439 1099 462 ex
1130 425 1285 469 ordine,

278 493 415 521 cuncta
433 499 479 522 ex
500 486 647 523 ratione
667 487 894 537 procedunt.

333 546 395 582 75.
417 549 464 583 Et
487 560 618 584 revera
635 548 728 597 quid
749 548 906 585 rationis
926 545 1039 583 habet
1057 545 1289 582 immodera—

280 605 353 642 tius
373 607 554 656 plangere
576 609 795 645 Malachiam
809 638 817 653 ‚
837 608 944 658 quasi
961 621 1039 644 non
1055 607 1104 644 sit
1121 607 1289 657 pretiosa

279 679 383 702 mors
403 666 507 716 ejus,
529 670 636 719 quasi
657 683 734 706 non
757 670 803 707 sit
829 669 946 719 magis
973 681 1150 713 somnus,
1174 681 1287 718 quam

280 740 403 774 mors3
424 729 530 778 quasi
547 743 625 766 non
647 732 693 766 sit
715 731 846 767 mortis
866 739 1023 780 portus,
1045 738 1082 765 et
1100 737 1212 779 porta
1233 729 1290 765 vi-

280 789 352 824 tae?
373 789 576 826 Malachias
593 791 736 826 amicus
757 799 886 827 noster
907 790 1071 835 dormit,
1089 798 1125 825 ct
1146 802 1216 838 ego
1234 790 1288 825 lu-

278 849 575 895 geamP'Luctus
604 850 673 886 iste
699 864 768 887 usu
798 864 854 895 se,
877 863 954 886 non
976 850 1122 886 ratione
1147 858 1285 886 tuctur.

279 907 314 942 Si
341 908 528 944 Dominus
554 909 657 945 dedit
679 909 817 946 dilecto
845 922 914 945 suo
945 914 1121 945 somnum
1139 937 1148 954 ,
1172 917 1208 945 et
1230 917 1287 945 ta-

277 966 348 1002 lem
383 980 586 1015 somnum,
607 970 646 1005 in
675 983 751 1019 quo
780 969 980 1006 haereditas
1011 970 1193 1015 Domini,
1223 969 1286 1005 lilii

276 1039 418 1063 merces
436 1056 445 1070 ,
471 1028 616 1066 fructus
645 1031 789 1066 ventris
810 1046 818 1075 ;
844 1029 935 1079 quid
968 1030 1105 1066 horum
1134 1029 1288 1066 videtur

1357 437 1511 460 manum
1539 424 1706 474 applicui
1727 423 1774 460 ad
1798 438 1951 461 manum
1979 425 2181 474 Episcopi,
2205 433 2242 462 et
2268 425 2367 462 vivi-

1356 485 1481 522 ticavit
1507 498 1602 522 eam.
1636 488 1781 535 Nempe
1810 485 1964 522 vivebat
1992 486 2030 521 in
2061 494 2216 522 mortuo
2248 486 2367 535 gratia

1355 546 1559 582 sanitatum
1583 560 1590 581 z
1612 554 1649 582 et
1673 559 1807 582 manus
1836 545 1919 594 ejus
1941 546 2011 582 fuit
2031 555 2192 582 mortuae
2212 547 2342 583 manui
2357 575 2367 593 ‚

1355 605 1459 655 quod
1495 615 1649 642 mortuo
1686 606 1831 643 homini
1866 606 2063 643 Elisaeus¹.
2094 609 2194 643 Puer
2225 606 2290 642 ille
2320 605 2367 643 de

1355 667 1468 715 longe
1500 676 1682 713 venerat,
1719 676 1756 704 et
1793 680 1948 703 manum
1986 680 2101 716 quam
2133 666 2365 716 pendentem

1358 727 1556 773 attulerat,
1588 741 1717 765 sanam
1755 728 1792 764 in
1830 727 1991 777 patriam
2027 726 2250 777 reportavit.
2282 730 2365 764 Jam

1357 787 1536 825 omuibus
1557 788 1626 825 rite
1647 788 1808 838 peractis
1824 818 1832 834 ,
1867 788 1903 824 in
1933 788 2016 838 ipso
2038 788 2208 824 oratorio
2228 795 2368 824 sanctae

1354 847 1425 883 Dei
1446 848 1639 896 genitricis
1662 849 1787 884 Mariae
1802 877 1810 893 ‚
1832 849 1869 884 in
1891 861 1969 898 quo
1987 847 2057 884 sibi
2076 847 2175 884 bene
2192 847 2368 897 compla-

1355 907 1432 942 cuit
1462 907 1690 953 Malachias,
1723 908 1887 943 traditur
1921 909 2152 957 sepulturae,
2184 921 2287 945 anno
2319 907 2366 944 ab

1355 968 1623 1003 Incarnatione
1646 967 1803 1003 Domini
1826 967 2028 1004 millesimo
2047 969 2256 1005 centesimo
2276 982 2368 1018 qua-

1355 1027 1569 1076 dragesimo
1601 1035 1738 1064 octavo
1759 1056 1768 1072 ,
1804 1035 1941 1077 quarto
1975 1041 2095 1065 nonas
2131 1027 2365 1065 novembris.

277 1085 406 1122 fletum
427 1087 622 1126 indicere?
644 1093 772 1139 Egone
795 1090 903 1126 fleam
925 1089 1050 1134 illum,
1069 1089 1135 1138 qui
1153 1088 1284 1125 fletum
1310 1085 1335 1120 Β
1353 1092 1477 1126 Τ1111111
1496 1097 1552 1125 est
1569 1117 1578 1133 ,
1601 1091 1690 1125 Jesu
1711 1087 1812 1124 bone
1829 1117 1837 1134 ,
1863 1087 2080 1138 depositum
2099 1118 2108 1134 ,
2128 1088 2235 1138 quod
2255 1088 2367 1126 nobis

276 1147 502 1185 evasit?Ille
525 1149 730 1199 tripudiat,
753 1150 816 1186 ille
838 1150 1065 1200 triumphat,
1087 1150 1149 1186 ille
1169 1150 1287 1186 intro—

277 1206 412 1244 ductus
433 1217 489 1245 est
509 1210 544 1245 in
568 1210 749 1259 gaudium
771 1209 925 1247 Domini
950 1210 1030 1255 sui,
1049 1218 1086 1245 et
1105 1223 1175 1259 ego
1199 1222 1284 1246 cum

276 1267 478 1317 plangam?
499 1272 621 1321 Cupio
643 1272 732 1308 mihi
751 1272 830 1309 haec
844 1301 852 1317 ,
871 1285 948 1308 non
964 1271 1018 1308 illi
1034 1271 1201 1308 invideo.
1220 1275 1287 1308 In—

277 1328 385 1365 terim
404 1340 588 1379 parantur
605 1334 794 1382 exsequiae
815 1348 821 1369 :
841 1333 1003 1370 offertur
1022 1345 1093 1383 pro
1112 1346 1157 1369 eo
1176 1332 1288 1369 sacri-

276 1389 426 1437 ficium,
464 1402 781 1430 consummantur
814 1407 862 1430 ex
899 1408 1004 1431 more
1035 1393 1163 1430 onmia
1200 1407 1284 1429 cum

274 1463 421 1487 summa
457 1452 674 1490 devotione.
715 1453 844 1491 Stabat
882 1454 1030 1490 eminus
1069 1467 1187 1504 puer,
1226 1454 1286 1490 cui

275 1520 493 1549 emortuum
524 1512 717 1563 pendebat
741 1528 761 1551 a
782 1514 898 1551 latere
923 1513 1144 1560 brachium,
1167 1514 1285 1563 magis

1292 1652 1362 1675 wc

1355 1149 1543 1186 creditum
1572 1158 1651 1194 cst3
1685 1157 1771 1186 tuus
1803 1149 2025 1195 thesaurus,
2053 1150 2117 1199 qui
2144 1149 2368 1186 reconditur

1354 1223 1472 1260 penes
1510 1223 1593 1246 nos.
1627 1212 1831 1247 Servamus
1871 1210 1981 1247 illum
2020 1209 2292 1260 resignandum
2328 1209 2366 1246 in

1356 1279 1529 1320 tempore
1544 1299 1553 1316 ,
1570 1284 1647 1320 quo
1670 1271 1950 1320 reposcendum
1974 1270 2168 1308 censueris
2189 1286 2196 1307 :
2219 1278 2367 1307 tantum

1355 1340 1396 1368 ut
1413 1331 1556 1381 absque
1577 1331 1920 1369 contubernalibus
1940 1332 2018 1369 suis
2035 1345 2112 1369 non
2134 1330 2364 1381 egrediatur,

1355 1393 1421 1431 sed
1447 1406 1560 1443 quem
1591 1392 1794 1430 habuimus
1820 1393 2010 1442 hospitem
2027 1423 2036 1440 ,
2054 1392 2264 1429 habeamus
2291 1391 2366 1428 du-

1355 1466 1458 1501 cem,
1486 1462 1609 1490 tecum
1636 1463 1672 1490 et
1699 1467 1785 1490 cum
1815 1454 1901 1504 ipso
1929 1454 2074 1505 pariter
2103 1452 2298 1504 regnaturi
2327 1453 2368 1489 in

1353 1515 1491 1551 saecula
1512 1515 1753 1551 saeculorum.
1771 1520 1893 1552 Amen
1909 1521 1939 1552 ²¹.

730 1777 992 1825 HYMNUS
1027 1778 1253 1825 DOMINI
1286 1776 1608 1823 BERNARDI
1644 1775 1907 1823 ABBATIS

411 1918 509 1973 DE
557 1918 612 1974 S.
658 1917 1094 1991 MALACHIA,
1140 1916 1514 1974 EPISCOPO
1558 1917 1653 1972 ET
1700 1904 2254 1972 CONFESSORE.¹’

412 2078 534 2109 Nobilis
554 2078 666 2120 signis,
687 2079 827 2110 moribus
845 2078 949 2110 suavis
963 2103 970 2116 ‚

413 2134 536 2164 Meritis
554 2140 678 2164 sanctus
692 2158 699 2169 ,
719 2134 853 2176 inclytus
874 2133 1040 2176 triumphis
1053 2158 1060 2170 ‚

414 2188 516 2219 Hodie
534 2189 634 2219 carnis
651 2188 790 2230 pondere
807 2189 927 2219 lex-atus
939 2213 946 2227 ‚

506 2244 655 2285 Migravit
676 2244 817 2275 antistes.

410 2317 476 2345 Nec
494 2320 580 2344 vacat
601 2313 667 2344 viro
685 2314 850 2345 Malachiae
867 2324 1001 2352 nomen,

413 2368 567 2410 Angelum
588 2379 701 2399 sonans
715 2393 722 2402 ,
742 2368 936 2409 Angelorum
957 2367 1056 2410 signat

414 2423 551 2455 Similem
572 2435 638 2455 esse
656 2423 792 2466 puritate
814 2424 882 2455 vita>
898 2449 904 2461 ‚

508 2479 616 2510 Gloria
635 2490 754 2521 parem.

410 2547 549 2589 Angelus
565 2554 671 2578 noster
686 2547 798 2579 civium
816 2558 945 2579 suorum

413 2601 565 2632 Redditus
582 2601 661 2632 votis
673 2625 681 2638 ‚
699 2601 831 2632 sociatus
847 2600 949 2632 choris
960 2625 968 2639 ,

414 2656 581 2687 Praeminet
598 2655 703 2686 multis
718 2679 725 2693 ‚
746 2662 927 2697 coaequatur
943 2655 1072 2686 summis

504 2710 620 2741 Merito
641 2710 781 2752 quidem.

413 2779 541 2811 Sobrius
561 2779 661 2811 victus
674 2805 681 2818 ,
701 2779 826 2810 castitas
845 2779 1010 2822 perennis,

411 2833 501 2864 Fides
515 2858 522 2871 ‚
543 2833 684 2865 doctrina
697 2858 704 2872 ,
725 2834 900 2865 animarum
916 2834 1003 2864 lucra

411 2887 533 2919 Meritis
552 2899 659 2930 parem
672 2912 679 2926 ‚
699 2887 793 2919 coetui
809 2888 974 2930 permiscet

508 2943 744 2984 Apostolorum.

414 3012 519 3051 Opere
540 3009 655 3046 n‘cem,
671 3011 776 3041 animo
794 3010 941 3041 virtutem

414 3063 529 3094 Tenuit
547 3062 656 3094 horum
674 3064 786 3105 praesul
805 3070 835 3095 et
853 3065 973 3106 legatus
986 3088 994 3102 ,

414 3120 462 3149 Ac
480 3128 536 3160 per
551 3117 612 3148 hoc
628 3118 699 3160 jure
716 3118 808 3149 etiam
826 3117 980 3150 honorem

508 3172 656 3204 Vindicat
671 3171 742 3204 sibi.

323 3307 332 3321 ¹
349 3305 395 3332 IV
410 3305 487 3344 Reg.
501 3315 587 3341 1111,
605 3307 660 3335 21.

1496 2078 1590 2120 Signa
1610 2077 1635 2108 si
1656 2087 1777 2119 quaeras
1791 2101 1799 2115 ,
1819 2076 1887 2118 quis
1906 2074 2024 2107 referre
2040 2079 2135 2117 queat

1494 2136 1565 2165 Hoc
1581 2139 1686 2164 tamen
1706 2132 1776 2163 dico
1787 2157 1794 2170 ‚
1814 2130 1978 2162 manifesta
1994 2131 2069 2162 satis

1492 2192 1622 2220 'Mortua
1642 2197 1770 2229 surgens
1787 2191 1924 2228 quantus
1944 2185 1976 2216 in
1992 2184 2052 2217 hac
2068 2190 2159 2228 parte

1590 2241 1658 2274 Fuit
1681 2241 1797 2283 gloriae.
1821 2244 1828 2249 '

1497 2311 1622 2343 Christo
1641 2309 1783 2352 regnanti
1800 2308 1880 2340 sitne
1897 2308 1961 2339 ulla
1978 2307 2077 2339 nostri

1497 2369 1578 2399 Cura
1598 2372 1745 2409 putamus
1755 2388 1762 2402 ,
1778 2374 1857 2406 quos
1870 2362 1986 2394 amavit
2000 2362 2088 2405 prius

1494 2425 1650 2464 Pauperes
1662 2445 1670 2459 ‚
1689 2420 1767 2451 fovit
1782 2418 1916 2450 humiles
1931 2417 2043 2461 spiritu

1590 2475 1726 2508 Humilis
1741 2475 1820 2518 ipse.

1495 2545 1586 2577 Absit
1601 2545 1640 2576 ab
1654 2545 1707 2575 illo
1720 2543 1806 2575 fonte
1823 2542 1948 2585 pietatis

1497 2602 1587 2631 Sorte
1599 2600 1700 2631 lex-aia
1716 2598 1840 2641 segnius
1857 2606 1984 2628 manare
2000 2606 2007 2627 :

1495 2654 1589 2686 Absit
1608 2659 1642 2684 ut
1657 2658 1785 2695 spernat
1799 2651 1930 2683 miseros
1948 2649 2059 2681 beatus

1591 2707 1760 2751 Orphanos
1776 2712 1876 2749 pater.

1495 2782 1523 2809 O
1541 2777 1716 2815 Malachia,
1738 2775 1948 2809 Clara-Vallis
1965 2781 2020 2806 tua

1496 2833 1617 2864 Clarior
1633 2832 1677 2864 tui
1693 2831 1834 2874 corporis
1849 2830 1998 2862 thesauro

1496 2887 1637 2919 Postulat
1651 2887 1783 2930 supplex
1796 2892 1827 2917 te
1842 2890 1951 2917 tuente.
1962 2883 2026 2915 frui

1590 2946 1670 2974 Pace
1690 2940 1835 2984 perenni.

1496 3010 1605 3042 Gloria
1622 3010 1708 3042 Patri
1724 3010 1869 3052 Filioque
1884 3010 1968 3052 ejus,

1495 3065 1606 3096 Gloria
1622 3064 1697 3103 tibi,
1721 3064 1887 3096 amborum
1903 3062 2057 3105 Spiritus;

1495 3121 1566 3150 Una
1583 3118 1623 3149 sit
1641 3119 1718 3157 tibi,
1737 3118 1811 3161 quia
1827 3124 1889 3149 tres
1905 3122 1978 3148 sunt
1994 3125 2090 3147 unum
2105 3138 2112 3152 ‚

1590 3175 1661 3204 [na
1684 3173 1841 3215 majestas.

1192 3304 1204 3318 ⁸
1220 3304 1307 3332 Duos
1325 3301 1364 3332 de
1379 3304 1409 3332 S.
1427 3299 1586 3332 Malachia
1600 3299 1751 3331 Bernardi
1765 3308 1924 3330 sermones
1940 3296 2037 3328 habes
2057 3296 2090 3326 111
2108 3301 2193 3326 101110
2214 3293 2313 3325 tertio.

317 3355 331 3375 '⁰
348 3359 440 3387 Hunc
457 3356 607 3399 hymnum
622 3364 744 3389 erutum
759 3368 796 3389 ex
812 3356 1025 3398 manuscripto
1038 3355 1301 3386 Veteris-Montis
1314 3355 1434 3397 primus
1447 3354 1543 3386 edidit
1562 3354 1620 3385 Ed.
1636 3347 1783 3385 Mai-tene
1795 3378 1802 3392 ‚
1824 3353 1856 3383 iu
1873 3362 1928 3383 sua
1939 3349 2140 3393 Amplissima
2151 3347 2354 3383 Collectione‚

269 3416 342 3442 tom.
370 3414 394 3440 1.

935 3471 1164 3506 EXPLICIT
1194 3471 1309 3506 vrsA
1338 3471 1372 3505 S.
1406 3471 1688 3505 MALACHIAE.
