2517 3936
72 176 166 214 1217
728 180 1008 215 ADMONITIO
1037 182 1086 215 nx*
1118 182 1418 220 OPtJSCULUM
1449 188 1492 220 v,

67 255 105 292 in
126 254 306 304 utrisque
326 253 698 304 reprehendendum
716 255 789 292 sibi
811 255 1021 295 videbatur
1039 287 1047 302 ,
1074 258 1114 295 in
1135 257 1210 296 1108
1237 257 1339 297 libro
1356 260 1502 299 sincere
1522 265 1681 313 exponit
1699 283 1706 311 ;
1732 277 1835 305 ratus
1848 299 1855 311 ,
1883 289 1897 302 ·-
1920 285 1957 309 se
1975 287 2052 311 non
2073 275 2143 312 ad-

71 338 87 353 »
109 332 245 359 versus
265 318 458 357 Ordinem
474 350 484 365 ,
516 319 583 357 sed
609 334 682 371 pro
704 319 854 359 Ordine
878 321 1079 374 disputare
1095 354 1104 371 ,
1127 324 1157 360 si
1186 337 1264 361 non
1293 324 1483 363 Ordinem
1502 327 1540 364 in
1572 328 1801 368 hominibus
1818 363 1825 377 ‚
1849 335 1914 371 sed
1934 336 2140 377 hominm„

72 404 88 420 »ι
114 386 208 424 vitia
230 384 563 436 reprehenderet,
589 404 604 418 n
627 399 673 424 ex
691 400 731 423 11.
757 390 816 425 15.

2046 198 2142 234 1218

120 451 157 490 4.
180 450 320 502 Neque
348 450 617 490 dubitandum
634 460 691 489 est
710 466 755 490 ea
774 467 865 491 vera
892 468 972 492 esse
996 467 1083 505 quas
1109 454 1148 491 in
1174 453 1496 495 Cluniacensibus
1515 459 1666 497 notavit
1688 459 1922 511 Bernardns,
1951 480 2068 516 (1118111
2097 470 2144 507 (18,

67 517 128 556 1115
151 525 328 554 accurate
346 515 531 555 edoctum
550 516 668 555 fuisse
683 547 692 564 ,
711 526 830 567 atque
852 517 949 556 adeo
968 518 1019 556 ab
1038 521 1146 557 omni
1164 519 1249 558 falsi
1274 522 1447 560 criminis
1467 524 1684 575 suspicione
1701 527 1919 566 immunem
1940 545 2019 569 8558
2032 548 2147 571 nen-,o

67 596 145 622 non
164 581 371 621 concedere
392 582 522 621 debet.
542 582 696 621 Verum
712 582 910 621 dictorum
927 584 1010 634 ejus
1029 586 1234 623 veritatem
1254 586 1426 637 probant
1444 587 1600 627 Statuta
1617 590 1721 629 Petri
1738 592 1980 633 Venerabilis
1996 597 2147 636 abbatis

66 648 342 695 cluniacensis,
372 648 441 699 qui
468 656 599 687 coacto
618 647 727 700 apud
744 648 979 687 Cluniacum
994 650 1167 700 capitulo
1185 652 1353 703 generali
1369 683 1378 700 ,
1400 653 1587 705 pleraque
1612 657 1803 706 ejusmodi
1834 660 1927 697 vitia
1943 662 2148 700 emendare

67 723 228 753 conatus
252 723 309 752 est
325 744 334 761 ,
362 722 417 764 ut·
432 713 636 752 manifeste
654 713 826 765 probant
856 715 940 764 ejus
969 713 1127 754 Statuta
1144 746 1153 763 ,
1177 731 1264 768 qua}
1287 719 1366 757 suis
1393 718 1486 757 locis
1512 721 1552 758 in
1568 721 1725 760 notulas
1750 723 1977 764 referemus.
1998 726 2054 765 De
2076 727 2148 767 1108

67 778 240 831 capitulo
265 780 345 831 agit
364 779 415 818 ad
438 794 591 819 annum
612 781 712 819 1132
731 779 942 818 Ordericns
958 780 1123 829 Vitalis,
1139 783 1207 833 qui
1227 793 1265 821 et
1281 784 1361 835 ipse
1373 798 1540 835 praesens
1560 787 1738 826 interfuit
1755 805 1764 826 z
1784 789 1837 827 ita
1853 791 1957 829 enim
1975 792 2093 831 habet
2112 795 2150 832 in

36 869 41 872 —
65 844 167 884 libro
183 844 336 884 decimo
363 846 494 894 tertio,
510 859 600 898 pag.
622 846 698 884 896
715 862 724 883 ε
744 864 759 879 «
784 844 925 884 Petrus
946 845 1213 885 Cluniacensis
1246 848 1369 887 abbas
1397 850 1616 890 veredarios
1649 863 1688 892 et
1718 855 1898 906 epistolas
1923 871 1993 908 per
2017 872 2152 896 01111185

70 928 91 961 »-
109 909 234 949 Cellas
259 924 348 949 suas
384 920 478 949 tunc
500 910 664 957 direxit,
681 919 720 948 et
735 924 872 949 01111185
888 910 1090 950 Cellarum
1114 912 1269 952 Priores
1295 914 1343 953 de
1363 915 1503 968 Anglia
1522 926 1560 955 et
1585 918 1718 966 Italia,
1741 922 1945 973 regnisque
1973 923 2057 961 aliis
2085 940 2150 962 ac-

69 995 86 1010 »
109 977 239 1015 cersiit
256 1007 266 1024 ‚
295 975 439 1027 jubens
472 986 519 1016 ut
553 976 753 1015 dominico
781 977 1099 1029 Quadragesimae
1133 981 1247 1018 tertio
1276 981 1450 1020 Cluniaci
1489 983 1694 1032 adessent,
1726 996 1771 1025 ut
1797 999 1986 1040 111-88881113
2012 1005 2152 1029 1110113-

70 1061 86 1078 »
109 1044 211 1083 stieae
239 1044 544 1082 conversationis
573 1044 790 1082 austeriora
807 1074 816 1091 ,
850 1058 973 1095 quam
993 1043 1184 1083 hactenus
1219 1055 1447 1096 tenuerant,
1482 1047 1678 1089 audirent.
1711 1051 1772 1089 Illi
1799 1054 1989 1093 nimirum
2019 1056 2153 1094 archi-

69 1128 87 1144 »
109 1108 316 1148 mandrita?
344 1111 426 1148 suis
449 1110 565 1160 jussis
584 1109 967 1158 obsecundaverunt,
987 1124 1030 1148 ac
1049 1109 1100 1148 ad
1119 1119 1314 1149 statutum
1334 1113 1551 1151 terminum
1570 1113 1727 1153 ducenti
1748 1117 1900 1156 Priores
1917 1119 2151 1160 Cluniacnm

71 1194 89 1211 »
114 1185 398 1216 convenerunt.
424 1177 472 1215 In
488 1176 557 1215 illa
579 1176 643 1215 die
665 1176 774 1215 mille
793 1175 952 1215 ducenti
972 1184 1010 1214 et
1035 1175 1245 1215 duodecim
1259 1177 1398 1216 fratres
1414 1177 1468 1215 ibi
1484 1178 1748 1219 adfuerunt...
1768 1182 1838 1221 Ille
1856 1198 1946 1222 vero
1973 1204 1988 1217 n
2012 1186 2151 1225 Petrus

73 1261 90 1278 «
112 1243 223 1283 auxit
245 1243 410 1293 jejunia,
432 1241 597 1281 abstulit
616 1241 833 1294 colloquia,
863 1251 903 1280 et
926 1242 1075 1280 infirmi
1095 1242 1267 1293 corporis
1296 1242 1478 1293 quadam
1500 1244 1698 1294 subsidia,
1728 1261 1814 1297 quae
1846 1248 1921 1285 illis
1952 1250 2152 1289 moderati

72 1327 89 1344 υ
110 1317 274 1362 patrum
289 1308 480 1348 hactenus
495 1309 728 1361 permiserat
747 1308 1056 1348 reverendorum
1072 1307 1292 1346 clementia.
1314 1308 1470 1347 Fratres
1489 1319 1622 1348 autem
1641 1313 1783 1349 assueti
1799 1314 1984 1364 magistro
2000 1329 2153 1366 semper

73 1394 89 1410 υ
114 1375 273 1415 obedire
291 1406 300 1424 ,
332 1384 468 1415 contra
484 1375 710 1428 religiosum
729 1389 883 1414 morem
900 1373 1077 1413 nolentes
1092 1375 1127 1412 ei
1142 1374 1332 1420 resistere,
1351 1388 1488 1425 aspera
1507 1375 1669 1426 quidem
1687 1378 1850 1428 imperia
1870 1391 2121 1431 susceperunt
2144 1399 2151 1418 :

73 1458 90 1476 1»
112 1441 400 1481 rationabiliter
415 1451 550 1480 tamen
567 1441 826 1480 ostenderunt
846 1471 855 1489 ,
888 1440 997 1492 quod
1029 1439 1264 1479 venerabilis
1284 1440 1399 1492 Hugo
1417 1470 1426 1487 ,
1462 1450 1500 1479 et
1519 1440 1624 1480 illius
1655 1452 1911 1482 antecessores
1925 1445 2098 1484 Maiolus
2119 1457 2156 1484 et

74 1525 91 1541 n
113 1506 232 1546 Odjlo
250 1538 259 1555 ,
282 1517 432 1546 arctam
447 1508 537 1546 vitae
565 1508 671 1546 viam
687 1515 969 1546 tenuerunt....
992 1506 1180 1545 Austerus
1209 1515 1344 1545 autem
1373 1516 1656 1558 praecept01·....
1682 1508 1962 1558 Cistercienses,
1984 1511 2158 1563 aliosque.

76 1592 93 1608 n
115 1588 313 1613 novorum
343 1582 549 1612 sectatores
579 1572 804 1620 aemulatus,
838 1571 1008 1611 rudibus
1041 1572 1146 1611 ausis
1170 1573 1341 1620 institit,
1365 1582 1403 1610 et
1429 1572 1479 1610 ab
1509 1574 1686 1625 incoeptis
1716 1574 1897 1613 desistere
1928 1576 2160 1627 adpraesens

76 1658 93 1674 »
116 1639 292 1679 erubuit.
312 1639 577 1678 Postmodum
596 1647 730 1677 tamen
747 1637 948 1677 emollitus
967 1668 975 1685 ,
998 1636 1253 1676 subditorum
1271 1637 1435 1676 arbitrio
1452 1639 1643 1676 consensit
1657 1670 1666 1686 ,
1689 1657 1704 1672 υ
1729 1648 1797 1677 etc.
1821 1639 1961 1679 Confer
1983 1642 2155 1691 ejusdem

73 1706 180 1745 Petri
200 1705 447 1746 Venerabilis
472 1705 563 1744 libri
583 1705 702 1757 primi
731 1704 939 1757 epistolam
966 1704 1196 1756 vigesimam
1224 1712 1430 1751 octavam,
1465 1713 1503 1742 et
1523 1703 1641 1741 aliam
1668 1718 1754 1755 quae
1775 1706 1876 1744 inter
1904 1707 2158 1746 Bernardinas

73 1771 195 1811 relata
214 1781 271 1810 est
288 1802 298 1820 ,
319 1771 456 1811 ordine
485 1771 754 1811 ducentesima
770 1772 957 1824 vigesima
984 1784 1101 1809 nona.

125 1838 164 1877 5.
184 1836 244 1875 Ex
260 1836 322 1875 his
337 1846 516 1889 apparet,
535 1851 595 1883 ea,
617 1850 705 1888 quae
724 1837 766 1874 in
781 1836 1104 1875 Cluniacensibus
1124 1836 1249 1887 carpit
1270 1835 1507 1884 Rerum—dus,
1525 1851 1616 1874 vera
1632 1851 1712 1875 esse
1739 1854 1747 1874 ε
1768 1837 1834 1875 sed
1852 1838 1952 1876 inter
1970 1839 2063 1876 vitia
2081 1854 2159 1877 non

74 1901 329 1942 abomnibus
356 1902 475 1941 fuisse
506 1901 660 1949 habita,
692 1903 774 1940 imo
804 1894 927 1953 quasi*
947 1902 1209 1940 necessarium
1241 1912 1601 1953 temperamentum
1631 1903 1871 1942 infirmitatis
1891 1904 2087 1943 humanam
2113 1906 2163 1943 Et

75 1969 238 2022 quidem
271 1968 320 2008 de
353 1967 597 2020 quibusdam
626 1967 667 2006 id
702 1968 825 2007 videri
859 1969 981 2020 possit
998 1998 1007 2015 ,
1039 1977 1137 2019 puta
1161 1967 1209 2006 de
1229 1978 1373 2007 ornatu
1393 1968 1642 2007 ecclesiarum
1659 1999 1668 2016 ,
1691 1968 1938 2021 aliarumque
1967 1972 2162 2022 ejusmodi

77 2049 225 2083 rerum,
243 2048 331 2087 quae
350 2034 581 2086 plausibiles
597 2035 767 2073 rationes
787 2049 866 2087 111-18
883 2048 921 2073 58
938 2034 1072 2073 serunt
1091 2050 1100 2071 :
1119 2044 1159 2072 at
1175 2033 1363 2085 pleraque
1380 2035 1482 2072 inter
1499 2034 1710 2072 monachos
1733 2036 1921 2087 tantisper
1940 2036 2162 2075 moderatos

79 2100 302 2141 tolerabilia
322 2115 402 2140 non
417 2115 497 2139 esse
514 2100 576 2139 vel
595 2101 678 2152 ipsa
699 2100 813 2139 lectio
833 2099 1057 2152 persuadet.
1076 2100 1152 2139 Sed
1174 2100 1287 2152 quid,
1310 2102 1455 2152 inquis,
1479 2101 1526 2139 de
1547 2100 1789 2152 templorum
1812 2104 2099 2154 magnificentia
2123 2115 2160 2142 et

77 2165 212 2206 cultu?
227 2181 279 2205 an
294 2181 373 2204 non
389 2166 671 2213 Cistercienses,
690 2167 772 2204 imo
793 2175 832 2204 et
852 2166 1074 2204 Bernardus
1097 2167 1178 2218 ipse
1193 2167 1437 2220 amplissima
1453 2177 1490 2206 et
1506 2168 1751 2206 ornatissima
1769 2169 2051 2208 condiderunt?
2073 2171 2160 2207 Hac

78 2247 170 2272 811111
194 2232 329 2280 audio,
349 2233 388 2270 in
409 2242 585 2271 mentem
610 2233 717 2270 venit
737 2233 855 2283 primi
873 2232 979 2271 illius
998 2232 1170 2271 Oratorii
1190 2265 1199 2281 ,
1218 2249 1241 2272 3
1262 2234 1461 2273 Bernardo
1481 2235 1588 2286 apud
1607 2234 1941 2273 Claram-Yallem
1961 2238 2156 2274 exstructi.

0 2304 1 2308 ’
36 2334 40 2340 ,
79 2298 184 2337 Bone
205 2297 334 2337 Deus!
356 2313 480 2349 quam
510 2298 619 2336 exilis
639 2329 648 2345 ,
680 2313 803 2349 quam
823 2298 911 2336 vilis
940 2298 982 2335 in
1013 2300 1196 2349 speciem,
1226 2300 1292 2338 sed
1312 2316 1434 2352 qnam
1462 2315 1533 2339 5113
1564 2301 1629 2338 vili
1661 2302 1744 2352 ipsa
1773 2302 1895 2352 specie
1924 2302 2158 2340 venerandi!

81 2364 200 2404 Aliud
217 2364 383 2416 quidem
411 2364 613 2403 inchoavit
642 2364 937 2416 amplissimum
958 2395 966 2412 ,
986 2364 1095 2416 quod
1109 2367 1354 2405 continendis
1374 2366 1577 2405 monachis
1594 2367 1866 2418 septingentis,
1889 2367 2051 2418 aliisque
2071 2383 2160 2417 per-

81 2431 182 2470 sonis
202 2431 398 2470 sufficeret
417 2447 426 2468 :
449 2432 518 2469 sed
549 2432 678 2470 omnis
693 2440 856 2470 ornatus
873 2463 881 2479 ,
908 2440 1050 2483 practer
1069 2433 1194 2483 ipsam
1211 2433 1364 2471 fabricae
1383 2434 1643 2483 majestatem,
1663 2447 1809 2484 expers.
1830 2433 1879 2470 Et
1895 2433 2158 2471 Cistercienscs

8 2515 11 2523 s
79 2497 264 2548 primitus
285 2515 301 2531 «
320 2496 542 2548 sculpturas
561 2496 625 2535 vel
641 2498 812 2548 picturas
845 2515 859 2529 »
898 2497 938 2534 in
955 2496 1121 2535 ecclesiis
1141 2499 1219 2536 suis
1239 2513 1307 2537 5811
1327 2499 1490 2537 officinis
1507 2499 1730 2536 monasterii
1760 2499 1916 2548 penitus
1946 2498 2162 2535 interdixe—

82 2572 176 2601 runt
197 2579 206 2600 z
235 2581 252 2596 α
271 2563 365 2614 quia
381 2561 480 2601 dum
506 2562 653 2601 talibus
672 2561 908 2610 intenditur,
928 2562 1078 2601 utilitas
1107 2563 1218 2603 bona)
1239 2563 1504 2602 meditationis
1524 2595 1531 2608 ,
1556 2563 1615 2601 vel
1640 2562 1839 2613 disciplina
1866 2562 2047 2614 religiosae
2076 2577 2162 2613 gra-

86 2645 102 2662 »³
125 2629 256 2667 vitatis
275 2642 374 2679 saepe
390 2627 616 2681 negligitur.
637 2627 778 2666 Cruces
798 2638 932 2666 tamen
951 2629 1088 2680 pictaS,
1114 2647 1130 2661 η
1153 2629 1219 2667 sed
1238 2644 1324 2680 quas
1350 2649 1365 2662 α
1390 2629 1522 2680 ligneae
1542 2647 1556 2660 n
1581 2637 1704 2666 essent
1723 2658 1731 2673 ,
1754 2627 1966 2664 habehant.
1983 2626 2162 2677 Denique

92 2689 110 2728 ἶ(
131 2693 422 2746 superfluitates
438 2702 477 2732 et
497 2695 738 2733 curiositates
768 2693 961 2732 notabiles
981 2695 1021 2732 in
1041 2694 1268 2746 sculpturis,
1288 2694 1456 2732 adificiis
1475 2724 1482 2740 ,
1515 2693 1762 2745 pavimentis,
1781 2702 1817 2729 et
1838 2691 1922 2729 aliis
1939 2691 2131 2729 similibus
2151 2722 2159 2738 ,

89 2777 105 2793 »
127 2773 214 2811 quae
245 2759 470 2798 deformant
502 2760 710 2811 antiquam
740 2759 900 2797 Ordinis
930 2759 1194 2808 honestatem,
1216 2770 1254 2799 et
1284 2761 1505 2811 paupertati
1540 2773 1618 2796 11011
1649 2767 1883 2809 congruunt,
1909 2776 1924 2789 n
1949 2758 2165 2807 rejecerunt

85 2827 203 2865 etiam
222 2827 264 2864 in
283 2825 457 2877 capitulo
476 2826 570 2864 anni
595 2827 709 2873 1213,
731 2840 775 2863 ex
798 2826 927 2864 Instit.
947 2826 1101 2865 Cisterc.
1122 2836 1233 2877 parte
1249 2827 1393 2877 prima,
1412 2839 1494 2875 cap.
1516 2826 1578 2861 20.

135 2894 175 2932 6.
198 2891 275 2930 Sed
300 2901 347 2930 ut
362 2891 443 2929 haec
459 2893 579 2929 missa
605 2891 797 2929 faciamus
815 2921 824 2938 ,
843 2906 988 2943 magna
1009 2901 1111 2930 certe
1134 2906 1181 2929 ex
1198 2892 1376 2942 sequenti
1405 2889 1535 2929 libello
1556 2897 1760 2927 consecuta
1788 2897 1844 2925 est
1863 2887 2010 2926 utilitas
2041 2905 2049 2925 :
2071 2902 2163 2925 cum

38 2951 40 2961 ⁵
85 2972 166 2996 non
182 2957 314 2997 solum
337 2956 612 2996 Cluniacenses
635 2987 644 3004 ,
663 2956 731 2995 sed
746 2957 867 2994 etiam
883 2956 961 2995 alia
978 2988 988 3005 ,
1006 2972 1093 3008 quae
1113 2957 1163 2995 ab
1184 2972 1322 2995 eorum
1344 2958 1520 2994 societate
1546 2955 1742 3005 disparata
1767 2963 1878 2991 erant
1904 2954 2138 2990 monasteria
2153 2983 2161 2999 ,

39 3014 41 3058 ¹,
87 3024 169 3075 ejus
185 3024 351 3063 lectione
371 3023 422 3061 ad
446 3022 655 3062 meliorem
678 3022 835 3075 frugem
860 3037 940 3061 5858
978 3025 1192 3075 receperint
1209 3054 1217 3068 ,
1247 3024 1287 3060 in
1315 3023 1453 3073 primis
1482 3021 1768 3072 Diony-sianum
1792 3018 1955 3071 Sugerio
1983 3028 2161 3064 auctore3

88 3098 126 3128 et
141 3089 303 3128 tandem
323 3088 640 3127 Cisterciensium
659 3087 840 3139 exemplo
861 3090 1069 3126 convocari
1089 3089 1275 3139 coeperint
1298 3086 1470 3137 capitula
1498 3084 1691 3137 generalia
1708 3084 1924 3136 Nigrorum
1945 3083 2166 3121 monacho—

43 3199 45 3209 *
88 3168 179 3192 rum
200 3163 341 3206 praeter
370 3153 646 3202 Cluniacense,
672 3154 712 3190 in
735 3153 883 3204 quihus
912 3153 962 3191 (le
987 3152 1241 3192 emendandis
1276 3150 1564 3189 11101138110111111
1589 3150 1692 3187 vitiis
1726 3158 1859 3186 actum
1886 3157 1955 3186 est.
1988 3147 2035 3184 Id
2061 3148 2165 3184 enim

43 3220 45 3234 ³
89 3219 316 3259 Innocentio
330 3219 371 3258 II
389 3220 574 3271 pontifice
588 3220 670 3258 fieri
689 3229 879 3270 coeptum,
897 3229 935 3258 et
949 3219 1000 3257 ab
1020 3220 1103 3270 ipso
1117 3216 1381 3268 approbatum
1399 3215 1517 3252 fuisse
1532 3224 1682 3251 constat
1704 3228 1749 3252 ex
1764 3212 1901 3250 litteris
1918 3211 2074 3261 capituli
2100 3224 2165 3261 ge-

45 3327 48 3350 i

45 3298 48 3322 ;
89 3285 230 3324 11813115
248 3285 443 3324 ahbatum
467 3286 678 3336 provincia}
697 3286 902 3324 Remensis
918 3285 969 3323 ad
991 3284 1213 3323 Adi-{anum
1240 3283 1300 3321 111
1329 3292 1464 3320 contra
1486 3281 1669 3319 abbatem
1692 3280 1994 3317 Latiniacensem
2018 3307 2026 3319 ,
2048 3290 2164 3326 snpe-

95 3352 175 3390 rius
192 3352 322 3391 relatis
338 3383 347 3399 ,
370 3351 443 3390 col.
463 3353 554 3391 813.

257 3426 347 3448 ΤΟΜ.
382 3426 423 3448 11.
1909 3403 1955 3435 ’111
