2517 3920
359 199 459 236 1007

372 403 425 413 uu
430 403 454 413 ιι
460 403 485 413 Ἀ
489 403 541 413 xxxx
545 403 629 414 νινννκ
633 403 743 413 §vves-mxx
747 404 785 414 xx*
790 404 800 413 ι
804 404 857 414 vsu
861 404 901 414 xxm
905 404 914 413 ι
923 404 1148 414 ινιαιπνιινιννινς
1153 405 1292 414 xxvunansx

1135 206 1171 242 S.
1201 206 1455 242 BERNARDI
1482 207 1682 243 ABBATIS

2334 215 2431 254 1008

1899 408 1925 418 ιι
1929 409 2012 419 ιῑςννκ
2016 410 2069 420 ιιι*
2073 411 2155 421 svn-⁸21
2159 411 2241 421 ==m==
2245 412 2409 424 ummu==

912 578 1303 669 LIBER
1396 579 1909 677 PRIMUS.

741 1001 917 1040 CAPUT
947 1002 980 1040 1.
1371 991 1402 1010 ⁴⁰

1407 991 1419 1010 ⁷
1433 1000 1515 1039 ista.
1537 1003 1686 1041 Miraris
1703 1003 1733 1040 si
1753 1015 1923 1053 unquam
1942 1002 2061 1053 possit
2078 1002 2278 1041 accidere?
2295 1005 2415 1043 Etiam
2426 1035 2436 1054 ,

1383 1053 1415 1086 A
1435 1063 1519 1100 dico
1542 1064 1632 1112 tibi,
1655 1064 1686 1101 si
1700 1077 1780 1112 res,
1797 1072 1842 1101 ut
1857 1064 2016 1112 assolet,
2036 1077 2108 1115 per
2122 1066 2439 1104 consuetudinem

387 1118 548 1156 Pontifici,
568 1123 632 1149 tam
655 1116 748 1149 variis
762 1117 1020 1160 occupationibus
1039 1128 1165 1161 presso,
1183 1119 1340 1152 condolet.

421 1241 454 1276 1.
474 1237 587 1276 Unde
613 1250 703 1287 ergo
725 1236 804 1287 jam
827 1238 1033 1288 incipiam?
1051 1239 1163 1277 Libet
1182 1240 1230 1278 ab
1249 1255 1367 1279 occu-

361 1298 582 1351 pationibus
604 1298 702 1345 tuis,
733 1298 821 1348 quia
841 1299 880 1335 in
906 1299 964 1336 his
989 1301 1153 1338 maxime
1179 1302 1367 1339 condoleo

364 1360 445 1397 tibi.
467 1359 663 1397 Condoleo
690 1358 870 1405 dixerim,
901 1360 932 1397 si
954 1369 1081 1398 tamen
1102 1361 1207 1399 doles
1234 1371 1271 1399 et
1291 1372 1331 1400 tu
1357 1378 1364 1400 :

364 1418 534 1469 alioquin
557 1419 679 1455 Doleo
710 1419 828 1468 magis
861 1418 999 1457 dixisse
1026 1420 1254 1470 debueram3
1278 1424 1368 1473 quia

363 1487 511 1517 non-est
529 1478 754 1524 condolere,
776 1478 843 1515 ubi
861 1493 974 1517 nemo
989 1482 1055 1530 qui
1071 1482 1210 1519 doleat.
1232 1486 1366 1533 Itaque

364 1540 395 1577 si
415 1539 542 1585 doles,
577 1538 765 1575 condoleo
793 1554 801 1576 :
832 1539 862 1576 si
883 1553 981 1587 non,
1006 1541 1119 1578 doleo
1152 1550 1299 1590 tamen,
1330 1552 1368 1581 et

363 1599 546 1645 maxime,
568 1599 689 1635 sciens
705 1599 854 1648 longius
872 1613 893 1636 a
912 1600 1033 1637 salute
1053 1600 1233 1639 absistere
1251 1616 1369 1640 mem-

363 1659 475 1696 brum
498 1659 602 1708 quod
622 1657 841 1709 obstupuit3
866 1668 902 1697 et
919 1673 1063 1710 aegrum
1084 1675 1163 1699 sese
1185 1676 1263 1699 non
1282 1677 1371 1700 sen-

367 1720 523 1757 tientem
550 1719 801 1770 periculosius
834 1719 1021 1758 laborare.
1049 1721 1158 1759 Absit
1178 1731 1305 1760 autem
1328 1732 1372 1761 ut

366 1780 412 1817 de
440 1788 475 1816 te
502 1779 540 1816 id
567 1780 748 1830 suspicer.
770 1781 870 1818 Novi
899 1781 1040 1831 quibus
1075 1783 1219 1820 deliciis
1252 1784 1372 1821 dulcis

1432 1123 1472 1160 in
1492 1123 1679 1162 incuriam
1701 1125 1863 1162 venerit.

1806 1249 1984 1289 CAPUT
2015 1250 2071 1289 ΙΙ.

1433 1372 1490 1403 Vis
1504 1372 1737 1404 consuetudinis
1757 1371 1797 1404 ad
1818 1372 2012 1404 inducendos
2030 1383 2145 1415 pravos
2169 1383 2290 1412 mores,
2313 1379 2344 1406 et
2362 1373 2443 1406 duri-

1838 1426 1913 1458 tiam
1928 1426 2042 1458 cordis.

1489 1542 1524 1579 2.
1548 1542 1635 1580 Noli
1660 1541 1773 1579 nimis
1795 1541 1951 1579 credere
1977 1541 2131 1578 affectui
2161 1549 2226 1579 tuo
2252 1543 2318 1593 qui
2341 1556 2442 1581 nunc

1437 1610 1504 1639 est.
1518 1603 1577 1640 Nil
1598 1611 1671 1640 tam
1690 1603 1808 1639 fixum
1824 1603 1951 1639 animo
1963 1632 1973 1649 ,
1992 1601 2097 1652 quod
2111 1603 2287 1653 neglectu
2300 1612 2338 1640 et
2352 1612 2444 1641 tem-

1437 1675 1533 1712 pore
1558 1677 1637 1700 non
1671 1662 1896 1700 obsolescat.
1937 1662 2096 1700 Vulneri
2127 1671 2279 1700 vetusto
2313 1672 2351 1701 et
2376 1678 2444 1702 ne-

1442 1724 1566 1772 glecto
1598 1724 1714 1760 callus
1743 1722 1969 1769 obducitur,
1990 1730 2028 1759 et
2048 1735 2094 1758 eo
2113 1722 2344 1771 insanabile,
2365 1738 2442 1774 quo

1438 1782 1659 1820 insensibile
1693 1784 1747 1820 fit.
1785 1783 1963 1832 Denique
1996 1781 2109 1819 dolor
2142 1784 2374 1831 continuus,
2408 1793 2445 1822 et

366 1840 503 1890 quietis
530 1848 603 1877 tuae
632 1854 710 1877 non
737 1841 851 1891 longe
873 1842 1034 1880 antehac
1064 1843 1252 1881 fruebare.
1286 1848 1372 1882 Non
1394 1847 1421 1881 Β
1440 1843 1619 1890 acerbus,
1655 1844 1861 1881 diuturnus
1890 1856 1970 1880 esse
1994 1856 2073 1880 non
2102 1844 2259 1893 patitur.
2289 1848 2384 1882 Nam
2414 1845 2443 1883 si

365 1911 474 1952 potes
499 1901 557 1938 his
586 1901 811 1939 dissuevisse
841 1911 916 1940 tam
940 1904 1038 1951 cito,
1068 1905 1120 1941 ita
1139 1904 1268 1943 subito
1290 1920 1371 1944 non

365 1962 495 1999 dolere
525 1975 649 2012 nuper
677 1955 902 2002 subtractas.
934 1966 1047 2015 Plaga
1077 1979 1210 2004 recens
1237 1966 1371 2004 dolore

368 2036 446 2060 non
473 2031 586 2059 caret.
608 2026 739 2072 Neque
773 2024 875 2061 enim
897 2024 980 2074 jam
1008 2027 1187 2063 occalluit
1208 2028 1367 2074 vulnus,

365 2096 435 2119 1166
465 2082 505 2119 111
538 2090 613 2119 tam
644 2081 753 2120 brevi
787 2097 940 2121 versum
976 2085 1015 2122 in
1047 2085 1268 2123 insensibile
1301 2096 1368 2125 est.

367 2145 593 2191 Quanquam
613 2142 642 2179 si
656 2156 733 2179 non
752 2142 984 2192 dissimules,
1001 2158 1078 2183 non
1099 2146 1204 2183 deest
1225 2146 1293 2183 tibi
1310 2146 1372 2196 ju-

367 2202 421 2252 gis
440 2202 596 2239 materia
612 2201 705 2251 justi
726 2203 869 2241 doloris
886 2218 907 2241 a
924 2205 1157 2255 quotidianis
1174 2206 1369 2256 jacturisa.

365 2262 530 2309 Invitus,
552 2263 591 2299 ni
612 2263 742 2310 fallor,
761 2265 933 2303 avelleris
954 2279 973 2302 a
996 2274 1069 2303 tuae
1091 2267 1265 2304 Rachelis
1287 2281 1372 2304 3111·-

366 2322 592 2372 plexibus*;
617 2332 653 2360 et
675 2325 824 2373 quoties
843 2325 881 2361 id
904 2326 982 2375 pati
1005 2327 1228 2377 contigerit,
1256 2328 1369 2366 toties

367 2382 478 2419 dolor
499 2391 585 2419 tuus
608 2393 814 2421 renovetur
846 2399 999 2423 necesse
1029 2395 1096 2423 est.
1130 2390 1180 2424 At
1214 2387 1369 2437 quando

364 2456 443 2480 non
465 2444 678 2493 contingit?
699 2445 856 2492 Quoties
876 2446 932 2483 vis
946 2476 955 2493 ‚
976 2455 1014 2483 et
1037 2447 1253 2484 incassum?
1270 2461 1371 2498 quo-

366 2504 435 2540 ties
453 2517 602 2550 moves,
625 2517 694 2541 nec
714 2508 946 2555 promoves?
967 2508 1117 2557 quoties
1139 2509 1288 2545 conaris
1302 2537 1311 2554 ,
1335 2517 1372 2545 et

365 2577 444 2600 non
459 2564 571 2601 datur
586 2566 705 2611 ultra3
725 2567 879 2604 eniteris
891 2597 900 2613 ‚
913 2576 950 2604 et
970 2581 1046 2604 non
1062 2568 1189 2618 paris*
1203 2584 1213 2615 3
1229 2577 1369 2615 tentas,

1440 1917 1519 1940 non
1549 1904 1702 1941 aliunde
1730 1903 1969 1949 extunditur,
1992 1915 2145 1940 necesse
2168 1912 2225 1941 est
2245 1904 2355 1941 cedat
2383 1905 2444 1943 vel

1438 1963 1523 2001 sibi.
1555 1964 1760 2001 Enimvero
1787 1963 1862 2000 cito
1895 1970 1960 2000 aut
1992 1962 2039 1999 de
2066 1963 2237 2001 remedio
2268 1965 2445 2018 consola-

1439 2024 1582 2061 tionem
1613 2024 1794 2074 recipiet,
1826 2031 1891 2060 aut
1921 2023 1968 2060 de
1990 2023 2209 2061 assiduitate
2235 2032 2442 2075 stuporem.

1438 2085 1538 2134 Quid
1558 2099 1636 2122 non
1660 2085 1826 2122 invertat
1854 2085 2118 2122 consuetudo?
2139 2085 2233 2136 quid
2254 2085 2334 2123 non
2354 2086 2444 2124 assi-

1439 2145 1583 2182 duitate
1601 2144 1789 2182 duretur?
1810 2145 1903 2195 quid
1929 2158 2009 2182 non
2031 2145 2115 2182 usui
2138 2145 2274 2182 cedat?
2293 2147 2443 2196 quantis

1439 2205 1542 2255 quod
1563 2219 1643 2256 prae
1660 2205 1913 2242 amaritudine
1944 2205 2050 2257 prius
2075 2205 2352 2253 exhorrebant,
2373 2220 2444 2245 usu

1438 2265 1522 2316 ipso
1543 2265 1641 2301 male
1656 2265 1695 2301 in
1717 2264 1828 2301 dulce
1845 2277 2071 2303 conversum
2089 2266 2170 2302 est?
2185 2265 2286 2303 Audi
2298 2264 2443 2315 justum

1439 2326 1531 2376 quid
1551 2327 1782 2363 lamentetur
1802 2339 1918 2376 super
1930 2325 2209 2375 hujuscemodi.
2230 2328 2445 2376 Quoeprius

1437 2396 1590 2435 langere
1610 2386 1762 2423 nolebat
1779 2389 1908 2422 (mima
1928 2389 2011 2423 niea
2022 2417 2033 2433 ,
2056 2400 2155 2423 nunc
2165 2401 2257 2436 proe
2271 2391 2444 2437 angustia

1438 2447 1510 2484 eibi
1529 2451 1602 2484 mei
1622 2457 1708 2484 sunt
1726 2447 1752 2484 3.
1774 2447 1944 2485 Primum
1972 2446 2042 2484 tibi
2070 2447 2316 2498 importabile
2336 2448 2443 2486 vide-

1436 2507 1543 2544 bitur
1561 2508 1705 2558 aliquid
1722 2523 1730 2544 :
1754 2521 1939 2557 processu
1962 2507 2165 2557 temporis,
2183 2507 2214 2545 si
2233 2521 2442 2556 assuescas,

1437 2567 1631 2618 judicabis
1651 2583 1730 2606 non
1759 2569 1854 2606 adeo
1879 2582 2015 2619 grave3
2041 2569 2159 2619 paulo
2179 2578 2268 2620 post
2297 2578 2336 2607 et
2361 2571 2442 2608 leve

365 2632 403 2660 et
426 2624 633 2675 abriperi53
655 2635 692 2663 et
712 2626 777 2664 ubi
796 2627 954 2678 incipis,
976 2628 1029 2665 ibi
1049 2629 1196 2675 defici53
1219 2638 1255 2665 et
1278 2629 1369 2666 dum
1389 2638 1415 2674 C
1438 2631 1577 2667 senties
1591 2659 1600 2675 ,
1636 2631 1752 2681 paulo
1781 2638 1868 2680 post
1900 2643 1970 2667 nec
2000 2631 2167 2678 senties3
2205 2633 2321 2681 paulo
2356 2639 2444 2682 post

366 2682 489 2720 adhuc
505 2685 662 2732 ordiris,
679 2686 879 2724 succidunt
895 2690 956 2725 te?
975 2691 1160 2725 Venerunt
1163 2691 1244 2737 filii
1259 2703 1370 2738 usque

366 2746 419 2779 ad
440 2754 614 2793 partum,
648 2746 699 2782 ait
731 2747 939 2797 propheta,
966 2757 1002 2784 et
1031 2753 1132 2784 vires
1159 2763 1233 2785 non
1262 2749 1373 2785 habet

363 2810 576 2852 parturiens
591 2812 615 2842 ¹.
636 2807 743 2842 Nosti
759 2807 831 2844 hoc
845 2809 859 2844 Ρ
875 2822 988 2845 1161110
1005 2817 1040 2846 te
1058 2809 1204 2846 melius.
1221 2809 1371 2846 Attritae

369 2863 503 2900 frontis
539 2877 577 2900 es
595 2894 604 2911 ,
637 2874 675 2901 et
704 2866 823 2903 instar
853 2869 982 2905 vitulae
1017 2869 1199 2919 Ephraim
1235 2869 1369 2906 doctus

368 2922 522 2972 diligere
545 2924 716 2961 trituram
756 2955 765 2971 ,
787 2927 835 2972 si,
856 2940 947 2976 pace
969 2927 1062 2965 tuab
1075 2957 1085 2975 ,
1105 2929 1156 2966 516
1172 2942 1210 2966 56
1228 2928 1370 2966 liabent

367 2995 426 3019 res
449 2990 534 3018 tuae.
565 2982 673 3020 Absit
694 2999 701 3020 :
722 2985 801 3022 haec
822 2996 877 3023 est
906 3002 993 3038 pars
1023 2989 1141 3036 1111115,
1163 2990 1229 3039 qui
1259 2990 1369 3028 datus

367 3051 423 3080 est
439 3042 478 3078 in
500 3043 709 3093 reprobum
725 3058 886 3082 sensum.
909 3047 968 3084 Ab
986 3049 1042 3086 1115
1060 3063 1149 3087 53116
1166 3051 1280 3100 cupio
1299 3051 1368 3088 tibi

366 3115 497 3152 pacem
511 3131 521 3148 ,
540 3115 618 3139 non
634 3116 720 3139 cum
736 3104 805 3141 his.
820 3106 920 3142 Nihil
939 3108 1023 3156 plus
1042 3118 1170 3147 metuo
1191 3110 1259 3148 tibi
1275 3125 1368 3162 pace

418 3232 683 3269 ¹1VReg.x1x‚
707 3232 797 3261 3.-
820 3234 1166 3270 ²Oseaex,11.—3
1190 3238 1252 3269 Job
1277 3250 1330 3276 w,
1353 3242 1384 3271 7.

1437 2690 1549 2727 etiam
1565 2690 1780 2727 delectabit.
1796 2694 1850 2727 Ita
1866 2690 2049 2740 paulatim
2065 2691 2105 2728 in
2126 2690 2252 2728 cordis
2265 2691 2440 2729 duritiam

1436 2751 1532 2798 itur,
1554 2759 1591 2787 et
1610 2764 1658 2787 ex
1673 2751 1738 2787 illa
1752 2751 1791 2787 in
1808 2751 2060 2789 aversionem.
2081 2751 2141 2789 Sic
2157 2751 2281 2801 gravis
2297 2760 2335 2789 et
2351 2765 2443 2788 con-

1439 2811 1567 2848 tinuus
1588 2811 1698 2848 dolor
1719 2811 1861 2858 citum,
1882 2819 1926 2848 ut
1950 2811 2050 2859 dixi,
2070 2810 2270 2849 habiturus
2291 2819 2348 2849 est
2371 2824 2440 2849 ex-

1437 2869 1555 2917 itum,
1580 2879 1646 2907 aut
1667 2870 1865 2908 sanitatem
1891 2871 2086 2921 profecto,
2118 2879 2184 2908 aut
2213 2870 2440 2910 insensibili-

1437 2938 1566 2968 tatem.

1492 2993 1526 3030 3.
1555 2992 1653 3029 Hinc
1673 3005 1851 3042 prorsus,
1872 2991 1960 3029 hinc
1987 2991 2058 3029 tibi
2083 2992 2191 3029 timui
2212 3005 2382 3043 semper,
2403 2999 2440 3029 et

1438 3051 1553 3088 timeo
1567 3080 1576 3097 ,
1601 3065 1648 3088 ne
1670 3051 1786 3088 dilato
1807 3051 2000 3099 remedio,
2024 3052 2196 3089 dolorem
2228 3066 2307 3090 non
2327 3052 2439 3090 susti-

1439 3125 1535 3149 nens
1555 3119 1590 3159 Β,
1619 3112 1793 3162 periculo
1825 3120 1861 3149 te
1886 3112 2192 3150 irrevocabiliter
2220 3113 2439 3164 desperatus

412 3294 423 3308 ³
440 3288 526 3320 Alias
539 3312 546 3325 ,
563 3299 581 3318 (l
595 3287 790 3333 quotidianis
807 3288 931 3320 damnis
948 3298 976 3321 et
986 3292 1136 3334 jacturis.
1154 3315 1199 3319 —
1219 3290 1234 3312 b
1250 3298 1337 3329 Alias
1351 3322 1357 3335 ,
1376 3297 1462 3342 quod
1473 3310 1555 3344 pace
1575 3306 1629 3330 Ιιια
1654 3297 1774 3344 loquar.
1798 3319 1841 3323 ——
1867 3306 1881 3322 ⁰
1902 3305 1948 3333 Ita
1969 3302 2074 3345 scripti
2090 3314 2161 3335 cum
2177 3302 2304 3335 vetustis
2316 3301 2404 3334 editis
2418 3311 2425 3331 :

361 3348 487 3379 llorslio
499 3372 506 3385 ‚
527 3347 664 3379 dolorem
682 3347 730 3379 rel
743 3360 805 3379 non
827 3349 978 3387 sennem,
1000 3351 1047 3382 rel
1059 3364 1120 3383 non
1137 3356 1302 3387 sustinens.
