2517 3920
351 215 448 252 1479

1115 214 1150 248 S.
1183 211 1435 246 BERNARDI
1466 211 1668 247 ABBATIS
2342 210 2441 247 1580

344 293 526 345 gulariter
557 290 746 337 faciebat,
786 290 825 326 in
857 288 996 339 quibus
1032 289 1161 340 potius
1196 287 1358 339 praeibat
1371 285 1462 323 ⁰⁶³et
1489 287 1788 337 metropolitani.
1826 287 2034 324 Tricesimo
2055 288 2173 325 ferme
2208 288 2329 325 aetatis
2362 302 2439 326 suae

345 367 479 392 omnes
495 381 505 398 ,
525 361 561 389 et
580 352 743 389 aliorum
765 364 878 388 nemo
896 351 1003 387 illum
1031 358 1182 400 poterat
1202 349 1249 385 ad
1280 357 1356 385 tam
1380 347 1407 380 A
1426 362 1528 385 anno
1558 349 1761 386 Malachias
1794 357 2040 385 consecratus
2073 349 2278 399 episcopus
2317 348 2440 386 intro-

350 414 469 451 ardua
497 412 617 462 sequi.
651 416 707 449 Eo
741 410 924 462 temporis
946 419 984 447 et
1017 423 1062 446 eo
1096 409 1172 445 loci
1204 408 1361 458 quidam

349 472 639 519 infirmabatur,
662 472 723 509 cui
749 471 924 508 assistens
958 468 1155 515 diabolus,
1173 477 1210 505 et
1231 477 1362 518 aperte

350 537 534 585 loquenS,
556 531 805 583 suggerebat,
835 545 882 568 ne
902 544 1070 580 unquam
1089 529 1262 566 crederet
1282 542 1362 565 mo-

352 597 440 633 nitis
466 595 686 641 Malacliiae3
717 593 782 630 sed
807 593 837 629 si
857 593 1018 629 intraret
1041 590 1088 627 ad
1119 604 1157 627 se
1174 619 1183 636 ‚
1207 590 1362 627 cultello

351 669 439 693 eum
469 663 643 705 peteret,
682 662 718 690 et
744 652 946 689 occideret.
977 654 1063 699 Quo
1093 650 1266 700 cognito,
1297 649 1364 699 qui

353 717 409 754 illi
435 714 728 760 ministrabant,
753 713 837 763 ipso
863 712 1017 748 infirmo
1046 711 1255 762 prodente,
1276 724 1365 747 ver-

351 777 443 814 bum
471 776 672 826 perferunt
699 773 745 810 ad
771 773 1018 818 Malachiam,
1050 773 1362 822 praemunientes.

351 842 402 876 At
430 837 494 873 ille
525 835 635 872 solita
663 846 768 870 arma
790 832 974 869 orationis
1006 832 1218 881 arripiens,
1240 832 1365 881 impa-

347 896 460 933 vidus
480 896 627 931 hostem
651 904 848 942 aggressus
864 921 873 938 ,
892 899 929 927 et
946 891 1208 926 infirmitatem
1236 891 1340 940 fugat
1354 919 1364 937 ,

348 965 386 993 et
408 956 635 992 daemonem.
658 957 749 990 Erat
765 960 892 988 autem
913 964 1056 987 nomen
1075 951 1160 987 viro
1179 951 1362 988 Malchus.

348 1020 480 1055 Frater
516 1023 573 1052 est
609 1014 679 1050 iste
715 1011 927 1049 secundum
969 1024 1122 1047 earnem
1161 1011 1363 1048 Christiani

1429 408 1582 444 ducitur
1601 408 1819 445 Connereth
1841 423 1848 445 :
1872 409 1945 445 hoc
1973 409 2075 445 enim
2098 421 2239 446 nomen
2264 409 2440 446 civitatis.

1429 471 1523 506 Cum
1539 477 1664 505 autem
1684 468 1862 518 coepisset
1878 482 1951 519 pro
1964 469 2094 506 officio
2111 482 2180 506 suo
2201 482 2331 520 agere,
2350 477 2441 506 tunc

1428 528 1616 565 intellexit
1640 529 1756 565 homo
1780 529 1874 574 Dei,
1896 542 1975 565 non
2006 528 2054 565 ad
2080 529 2256 566 homines
2287 543 2326 567 se
2342 559 2352 576 ,
2374 529 2439 566 sed

1430 588 1478 625 ad
1504 588 1643 626 bestias
1680 589 1926 626 destinatum.
1965 593 2162 639 Nusquam
2195 589 2320 626 adhuc
2351 590 2441 626 tales

1429 659 1612 700 expertus
1647 651 1770 687 fuerat
1804 650 1844 687 in
1880 659 2191 700 quantacumque
2226 648 2402 688 barbarie
2431 665 2439 687 :

1431 724 1618 761 nusquam
1635 720 1832 761 repererat
1849 711 1902 748 sic
1929 719 2133 761 protervos
2153 711 2201 748 ad
2218 724 2345 748 mores
2357 741 2367 758 ,
2389 711 2442 748 sie

1431 770 1566 808 ferales
1591 771 1638 808 ad
1659 772 1778 817 ritus,
1801 772 1853 808 sic
1882 771 1929 808 ad
1950 771 2062 808 fidem
2085 770 2245 821 impios,
2266 771 2314 808 ad
2341 772 2443 821 leges

1430 830 1640 877 barbaros,
1664 832 1880 868 cervicosos
1909 831 1957 868 ad
1987 831 2228 882 disciplinam
2244 860 2254 878 ,
2282 844 2442 882 spurcos

1431 892 1629 929 advitam.
1664 892 1867 930 Christiani
1898 892 2074 938 nomine,
2100 905 2141 929 re
2176 892 2326 942 pagani.
2356 896 2441 930 Non

1432 952 1614 1000 decimas,
1632 966 1711 989 non
1730 952 1916 1003 primitias
1937 952 2027 989 dare
2040 980 2050 998 ,
2067 965 2147 988 non
2163 952 2329 1001 legitima
2345 952 2442 989 inire

1432 1013 1627 1063 conjugia,
1659 1027 1739 1050 non
1772 1014 1896 1050 facere
1931 1012 2216 1060 confessiones3
2245 1012 2441 1063 poeniten-

348 1076 494 1122 nostri,
533 1073 757 1113 Mellifontis
794 1071 953 1109 abbatis.
993 1070 1120 1109 Ambo
1155 1071 1256 1108 enim
1296 1085 1357 1108 su-
1381 1069 1409 1103 B
1432 1074 1500 1111 tias
1523 1088 1593 1111 nec
1622 1074 1688 1124 qui
1717 1082 1895 1125 peteret,
1932 1087 2003 1110 nec
2035 1073 2102 1123 qui
2125 1073 2256 1121 daret,
2290 1074 2442 1124 penitus

346 1136 524 1187 perstites
549 1135 673 1172 adhuc
694 1142 808 1179 sunt,
833 1132 904 1169 sibi
924 1133 962 1168 in
987 1132 1121 1182 spiritu
1142 1132 1258 1169 modo
1280 1145 1361 1182 ger-

348 1197 552 1234 maniores.
574 1199 667 1233 Nam
692 1195 754 1231 ille
768 1224 777 1241 ,
799 1203 841 1231 ut
863 1193 1046 1230 liberatus
1076 1201 1153 1240 est,
1176 1194 1360 1230 continuo

346 1272 426 1296 non
448 1259 641 1308 ingratus,
662 1257 748 1293 loco
771 1255 907 1292 eodem
926 1268 1136 1291 conversus
1157 1254 1204 1291 ad
1226 1255 1361 1292 Domi—

346 1334 439 1358 num
458 1349 468 1367 ,
494 1317 666 1356 habitum
699 1318 811 1354 simul
837 1316 1086 1366 animumque
1116 1316 1288 1352 mutavit.
1316 1319 1362 1352 Et

344 1393 560 1430 cognovere
601 1379 734 1415 fratres
779 1377 988 1427 malignum
1026 1376 1199 1413 invidere
1244 1375 1359 1413 bonis

344 1455 505 1488 eorum,
534 1449 571 1478 et
589 1439 765 1477 aedilicati
789 1447 897 1484 sunt,
920 1438 1006 1475 facti
1025 1437 1071 1474 de
1089 1438 1239 1487 reliquo
1268 1451 1358 1474 cau-

347 1504 474 1539 tiores.

711 1619 891 1658 CAPUT
919 1619 1016 1658 Vll.

582 1735 769 1779 Dysenteria
794 1735 991 1766 laborantem
1019 1741 1119 1766 curat.

400 1860 459 1895 15.
492 1855 679 1894 Clericum
695 1884 704 1901 ‚
726 1855 881 1890 nomine
899 1854 1121 1891 Michaelem
1139 1884 1148 1901 ,
1172 1855 1353 1904 dysente-
1377 1854 1404 1890 C

346 1918 649 1956 rialaborantem
665 1945 673 1961 ,
693 1924 729 1951 et
750 1915 950 1965 desperate
963 1944 972 1961 ,
992 1916 1145 1952 mittens
1163 1916 1196 1952 ei
1215 1916 1359 1965 aliquid

347 1980 394 2016 de
427 1991 557 2014 mensa
580 1990 646 2014 sua
665 2006 674 2022 ,
706 1975 842 2012 eodem
873 1976 958 2012 loco
990 1977 1149 2012 sanavit.
1181 1976 1358 2013 Secundo

345 2039 521 2077 eumdem
554 2038 705 2088 ipsum,
733 2036 953 2085 gravissima
982 2036 1202 2072 infirmitate
1233 2050 1361 2073 corre—

344 2107 467 2150 ptum,
489 2106 526 2134 et
542 2109 704 2146 corpore
721 2095 864 2144 pariter
885 2095 1046 2140 curavit,
1066 2104 1102 2132 et
1120 2105 1258 2133 mente.
1277 2098 1360 2134 Illi—

346 2172 390 2195 co
413 2158 514 2194 enim
536 2155 692 2192 adhaesit
716 2157 796 2190 Deo
825 2162 862 2190 et
894 2154 1088 2191 Malachiae
1110 2169 1221 2193 servo
1252 2155 1334 2206 ejus
1349 2186 1359 2203 ,

343 2220 481 2256 timens
510 2231 556 2254 ne
586 2216 755 2253 deterius
781 2216 924 2266 aliquid
953 2216 1025 2253 sibi
1049 2218 1309 2267 contingeret,
1331 2219 1362 2256 si

345 2280 473 2316 denuo
493 2278 665 2327 ingratus
688 2285 794 2313 tanto
824 2277 1064 2314 inveniretur
1084 2287 1121 2315 et
1143 2278 1330 2317 beneficio
1348 2309 1358 2327 ,

343 2349 380 2377 et
411 2339 609 2376 miraculo.
644 2341 691 2374 Et
714 2351 842 2383 nune,
878 2346 919 2374 ut
953 2338 1194 2386 audivimus,
1222 2349 1359 2390 praeest

344 2400 494 2438 cuidam
516 2398 766 2444 monasterio,
790 2399 861 2435 sito
887 2399 925 2434 iu
943 2398 1117 2448 partibus
1139 2401 1273 2437 Scotiae
1292 2416 1299 2437 z
1322 2410 1359 2438 et

343 2462 416 2498 hoc
438 2460 688 2497 novissimum
706 2459 879 2495 omnium
896 2472 981 2509 quse
1002 2460 1065 2495 ille
1081 2461 1267 2498 fundavit.
1283 2465 1358 2499 Pro

344 2520 566 2571 hujusmodi
581 2518 807 2569 augescebat
822 2520 860 2555 in
883 2520 962 2557 dies
983 2529 1020 2556 et
1039 2521 1194 2570 opinio,
1213 2531 1249 2558 et
1271 2536 1359 2559 con-

346 2582 515 2632 gregatio
541 2580 757 2625 Malachiae,
782 2589 819 2617 et
848 2581 992 2630 grande
1016 2582 1049 2618 ei
1080 2595 1222 2619 nomen
1255 2584 1359 2620 intus

345 2652 382 2680 et
403 2643 494 2679 foris
510 2671 519 2688 ,
542 2656 621 2678 non
639 2650 764 2678 tamen
784 2655 823 2678 re
843 2642 1036 2691 grandius.
1058 2647 1204 2693 Nempe
1223 2643 1275 2680 ibi
1296 2645 1359 2682 de·
1377 2642 1411 2676 D

347 2703 570 2740 morabatur
592 2704 704 2740 etiam
726 2704 845 2740 factus
866 2704 1071 2755 episeopus
1088 2734 1098 2751 ,
1128 2705 1233 2754 quod
1253 2706 1359 2743 locus

345 2772 442 2801 esset
467 2764 612 2801 vicinus
639 2763 793 2800 civitati.

686 2888 864 2928 CAPUT
893 2890 1009 2930 VIII.

366 3003 589 3046 Episcopatum
620 3004 905 3045 Conneretensem,
930 3007 1004 3038 licet
1024 3007 1139 3039 invitus
1154 3032 1163 3048 ,
1193 3010 1333 3053 suscipit.

400 3123 459 3159 16.
489 3119 658 3159 Vacabat
680 3130 767 3159 tunc
785 3126 968 3174 temporis
984 3127 1212 3178 episcopalis
1233 3130 1355 3178 sedes,

343 3191 380 3220 et
395 3180 545 3231 jamdiu
561 3190 715 3218 vacarat
733 3211 742 3229 ,
763 3184 947 3222 Malachia
966 3188 1122 3225 nolente
1148 3191 1330 3227 assentire
1344 3221 1354 3239 ,

342 3242 530 3293 siquidem
550 3242 676 3292 ipsum
693 3243 897 3293 elegerant.
915 3247 1209 3286 Persistentibus
1229 3259 1354 3289 tamen

340 3305 433 3350 illis,
472 3302 623 3340 tandem
657 3303 862 3354 aliquando
901 3306 1033 3353 cessit,
1073 3309 1276 3347 accedente
1307 3313 1355 3349 ad

339 3364 418 3400 vim
451 3362 660 3400 faciendam
687 3364 867 3402 mandato
896 3366 1063 3416 magistri
1095 3368 1174 3414 sui,
1203 3383 1351 3409 necnon

1427 1134 1604 1171 inveniri.
1625 1135 1790 1171 Ministri
1810 1134 1937 1171 altaris
1954 1134 2066 1184 pauci
2086 1133 2294 1171 admodum
2321 1143 2440 1172 erant.

1428 1194 1501 1232 Sed
1522 1194 1623 1231 enim
1642 1193 1735 1244 quid
1755 1207 1853 1244 opus
1874 1193 2043 1244 plurium
2058 1222 2068 1240 ,
2086 1192 2153 1229 ubi
2172 1193 2255 1243 ipsa
2270 1194 2442 1244 paucitas

1428 1254 1528 1291 inter
1548 1254 1664 1291 laicos
1696 1254 1981 1305 propemodum
2009 1253 2131 1290 otiosa
2155 1256 2335 1291 vacaret?
2356 1257 2440 1292 Non

1429 1324 1509 1352 erat
1536 1315 1642 1365 quod
1672 1315 1718 1352 de
1737 1316 1814 1353 suis
1846 1315 2120 1352 fructificarent
2143 1315 2279 1352 officiis
2298 1315 2338 1352 in
2366 1329 2441 1366 po-

1429 1375 1522 1425 pulo
1556 1389 1734 1425 nequam.
1759 1379 1837 1412 Nec
1861 1375 1963 1412 enim
1986 1374 2024 1411 in
2058 1374 2225 1412 ecclesiis
2258 1383 2323 1412 aut
2342 1389 2441 1425 prae-

1427 1434 1588 1472 dicantis
1622 1449 1715 1482 vox,
1744 1443 1809 1472 aut
1849 1434 2036 1472 cantantis
2065 1434 2304 1473 audiebatur.
2340 1435 2442 1484 Quid

1427 1495 1567 1532 faceret
1583 1496 1725 1532 athleta
1744 1496 1902 1533 Domini
1917 1497 1932 1533 Ρ
1953 1503 2017 1532 aut
2033 1495 2248 1533 cedendum
2261 1490 2440 1547 turpiter,

1427 1564 1492 1592 aut
1506 1556 1720 1606 periculose
1735 1555 1973 1593 certandum.
1992 1555 2064 1593 Sed
2086 1556 2152 1606 qui
2173 1569 2213 1593 se
2227 1565 2441 1607 pastorem,

1427 1625 1463 1653 et
1492 1630 1571 1654 non
1597 1617 1877 1653 mercenarium
1910 1615 2163 1666 agnoscebat,
2184 1617 2298 1667 elegit
2325 1626 2440 1663 stare,

1426 1691 1540 1727 quam
1566 1678 1695 1727 fugere
1712 1707 1722 1724 ,
1761 1685 1917 1727 paratus
1945 1685 1983 1714 et
2017 1677 2183 1714 animam
2217 1691 2324 1715 suam
2352 1678 2443 1715 dare

1426 1751 1498 1787 pro
1520 1737 1657 1775 ovibus
1671 1767 1680 1783 ,
1701 1738 1731 1774 si
1749 1737 1976 1788 oportuerit.
2002 1740 2048 1774 Et
2067 1751 2287 1788 quanquam
2306 1752 2442 1777 omnes

1427 1798 1533 1848 lupi,
1563 1807 1599 1835 et
1620 1812 1711 1835 oves
1732 1799 1867 1846 nullae3
1899 1798 2005 1835 stetit
2029 1798 2069 1834 in
2095 1798 2222 1835 medio
2259 1800 2439 1851 luporum

1426 1868 1558 1910 pastor
1592 1860 1826 1909 intrepidus,
1860 1859 2093 1896 omnimodis
2125 1869 2441 1909 argumentosus,

1428 1920 1625 1970 quomodo
1647 1920 1786 1957 faceret
1807 1933 1898 1957 oves
1928 1919 1975 1956 de
2001 1920 2114 1970 lupis.
2144 1924 2304 1958 Monere
2334 1935 2443 1959 com—

1428 1980 1616 2026 muniter,
1652 1989 1801 2017 secreto
1824 1993 2007 2030 arguere,
2031 1981 2122 2017 flere
2156 1995 2226 2032 per
2247 1982 2442 2032 singulos,

1429 2054 1532 2078 nunc
1561 2055 1714 2092 aspere,
1747 2055 1850 2078 nunc
1886 2041 2023 2078 leniter
2055 2042 2286 2090 convenire,
2323 2052 2442 2093 prout

1429 2102 1567 2151 cuique
1601 2103 1784 2153 expedire
1815 2101 1982 2140 videbat.
2015 2106 2060 2140 In
2096 2102 2236 2153 quibus
2261 2117 2332 2154 per
2361 2104 2442 2141 haec

1429 2162 1555 2199 minus
1574 2164 1812 2213 profecisset,
1830 2177 1896 2201 cor
1913 2163 2122 2200 contritum
2142 2172 2181 2202 et
2196 2163 2440 2202 humiliatum

1429 2223 1616 2260 offerebat
1648 2238 1720 2274 pro
1749 2225 1811 2261 eis.
1835 2224 1996 2272 Quoties
2016 2232 2148 2261 noctes
2183 2233 2280 2263 totas
2309 2226 2441 2275 pervi—

1427 2284 1518 2334 giles
1541 2284 1677 2332 duxit,
1705 2285 1918 2322 extendens
1947 2298 2084 2323 manus
2105 2285 2144 2322 in
2172 2286 2372 2323 oratione!
2393 2289 2441 2324 Et

1427 2358 1512 2381 cum
1534 2346 1666 2382 venire
1689 2346 1736 2382 ad
1758 2346 1955 2383 ecclesiam
1977 2347 2148 2394 nollent,
2180 2360 2250 2397 per
2279 2347 2385 2384 vicos
2397 2355 2441 2384 et

1426 2406 1570 2455 plateas
1599 2406 1828 2443 occurrebat
1847 2407 2003 2455 invitis;
2024 2416 2062 2444 et
2088 2407 2315 2444 circumiens
2343 2407 2439 2444 civi—

1427 2474 1541 2503 tatem
1559 2495 1569 2511 ,
1591 2466 1841 2517 perquirebat
1862 2467 2021 2504 anhelus
2051 2481 2164 2518 quem
2194 2467 2344 2505 Christo
2373 2481 2439 2505 ac-

1427 2527 1606 2576 quireret.

1485 2590 1542 2626 17.
1574 2588 1647 2626 Sed
1666 2597 1704 2626 et
1724 2589 1815 2626 foris
1835 2602 1925 2626 rura
1959 2597 1996 2625 et
2023 2589 2168 2640 oppida
2188 2590 2438 2628 nihilominus

1428 2649 1565 2699 saepius
1598 2648 1847 2699 percurrebat
1880 2662 1967 2685 cum
1999 2658 2131 2686 sancto
2159 2649 2226 2687 illo
2255 2650 2439 2687 comitatu

1428 2709 1703 2758 discipulorum
1742 2722 1924 2755 suorum,
1956 2709 2022 2759 qui
2054 2723 2251 2760 nunquam
2281 2710 2439 2747 deerant

1427 2770 1536 2806 lateri
1561 2768 1656 2818 ejus.
1684 2768 1792 2814 Ibat,
1817 2777 1854 2805 et
1876 2767 2059 2819 erogabat
2083 2770 2144 2806 vel
2172 2769 2329 2820 ingratis
2361 2784 2440 2807 coe-

1428 2831 1531 2867 lestis
1558 2830 1672 2866 tritici
1705 2842 1937 2866 mensuram.
1972 2832 2050 2867 Nec
2077 2828 2290 2867 vehebatur
2317 2843 2436 2880 equo,

1428 2890 1493 2928 sed
1516 2890 1632 2941 pedes
1652 2889 1755 2936 ibat,
1779 2889 1871 2926 etin
1889 2890 1962 2927 hoc
1981 2890 2108 2926 virum
2125 2903 2164 2927 se
2183 2891 2436 2940 apostolicum

1425 2950 1608 3001 probans.
1630 2954 1722 2987 Jesu
1740 2949 1844 2987 bone
1860 2951 1868 2986 l
1890 2958 2034 3000 quanta
2053 2963 2186 3000 passus
2203 2958 2260 2988 est
2274 2963 2346 3001 pro
2366 2963 2438 2987 no-

1425 3011 1528 3047 mine
1550 3019 1616 3047 tuo
1629 3009 1793 3047 bellator
1808 3018 1894 3047 tuus
1915 3023 1936 3047 a
1958 3010 2044 3048 filiis
2059 3011 2273 3047 sceleratis!
2294 3019 2436 3060 quanta

1424 3072 1605 3109 sustinuit
1636 3070 1683 3108 ab
1714 3071 1770 3109 his
1790 3071 1882 3121 ipsis
1898 3099 1907 3116 ,
1942 3070 2107 3121 quibus,
2131 3080 2168 3108 et
2194 3085 2267 3122 pro
2297 3071 2437 3122 quibus

1424 3131 1656 3182 loquebatur
1670 3131 1772 3169 bona
1794 3130 1862 3168 tibi
1880 3133 1887 3167 !
1909 3132 2003 3180 Quis
2025 3132 2139 3182 digne
2160 3133 2375 3183 exprimat,
2396 3133 2436 3169 in

1424 3193 1576 3242 quantis
1592 3202 1747 3231 vexatus
1759 3222 1768 3238 ,
1786 3191 1925 3242 quibus
1940 3192 2098 3229 affectus
2118 3193 2165 3229 sit
2178 3193 2433 3239 contumeliis,

1424 3253 1563 3304 quibus
1586 3253 1738 3303 injuriis
1755 3252 1947 3290 lacessitus
1963 3282 1974 3300 ,
1995 3253 2146 3303 quoties
2167 3253 2326 3290 lassatus
2355 3253 2435 3290 ine—

1424 3314 1511 3361 dia,
1542 3315 1692 3365 quoties
1722 3313 1886 3350 afflictus
1924 3314 1963 3350 in
1996 3314 2136 3364 frigore
2167 3322 2205 3351 et
2234 3313 2434 3351 nuditate?

1426 3381 1600 3412 Attamen
1622 3388 1706 3411 eum
1729 3374 1785 3411 his
1806 3374 1871 3423 qui
1897 3373 2063 3411 oderunt
2086 3386 2240 3424 pacem,
2262 3381 2343 3410 erat
2363 3386 2431 3423 pa-
