2517 3936
115 234 211 272 1285

647 238 934 276 'FRACTATL’S
967 241 1030 275 DE
1061 241 1313 279 GRADIBUS
1342 246 1674 285 lIUMILITATlS.

106 312 164 349 dae
180 320 281 349 sunt.
299 316 393 360 Quae
411 319 514 348 recte
529 315 656 348 media
672 314 914 362 describitur,
931 317 1020 365 quia
1038 316 1120 367 ejus
1133 320 1178 339 ³⁶¹
1191 322 1235 355 In
1260 319 1371 357 nobis
1384 350 1393 367 ,
1417 324 1671 373 nosmetipsos
1700 327 1944 375 dijudicando
1966 347 1972 353 ·

2098 259 2194 294 1286

1966 362 1972 368 .
1999 334 2034 369 iu
2057 337 2187 383 proxi—

105 372 268 410 suavitas
304 384 374 408 nec
396 371 669 420 incipientibus
697 382 838 422 praesto
872 383 948 422 est,
979 376 1112 426 prohi-
1133 384 1165 417 A
1183 379 1274 425 mis,
1296 393 1429 417 corum
1449 382 1556 418 malis
1579 386 1848 434 compatiendo
1867 404 1874 425 :
1893 391 1931 426 in
1952 393 2007 428 sui
2027 402 2182 441 natura,

102 432 219 469 bente
238 433 396 478 timore3
420 444 490 468 nec
509 432 690 481 perfectis
709 434 797 470 satis
813 443 888 481 est,
905 449 977 485 pro
995 435 1119 472 abun—

104 493 272 530 dantiori
304 492 643 542 contemplationis
670 493 887 531 dulcedine.
913 496 963 532 Hi
994 496 1119 533 adhuc

104 567 126 591 a
150 553 276 590 noxiis
301 552 513 589 carnalium
539 551 840 590 delectationum
868 554 1118 602 humoribus,

105 613 253 650 timoris
276 611 510 648 amarissima
532 611 692 661 potio'ne
712 613 925 662 purgandi,
949 615 1120 652 nondmn

102 673 208 710 lactis
226 672 470 710 dulcedinem
490 671 744 722 experiuntur
763 687 770 709 :
792 673 848 709 illi
863 674 943 723 jam
961 675 1082 711 avulsi
1101 690 1121 711 a

101 734 198 771 lacte
215 763 226 780 ,
263 732 412 783 epulari
456 731 504 769 ab
545 732 709 769 introitu
747 733 877 783 gloriae
918 734 1122 784 gloriosius

102 794 369 832 delectantur:
390 793 481 831 solis
497 793 633 830 mediis
646 823 656 841 ,
677 793 716 830 id
732 802 790 831 est
810 795 1120 844 proficientibus,

100 855 153 892 ita
180 854 262 905 jam
282 855 436 891 melleas
459 853 646 904 quasdam
671 854 972 892 sorbitiunculas
993 856 1120 894 chari-

102 916 189 955 tatis
220 916 409 967 expertis,
438 923 481 954 ut
506 916 581 953 illis
605 915 758 953 interim
785 930 858 967 pro
893 917 952 954 sui
979 919 1119 956 teneri-

103 977 236 1015 tudine
257 977 432 1014 contenti
449 977 536 1014 sint.

155 1039 191 1075 5.
215 1037 367 1076 Primus
386 1050 477 1087 ergo
501 1036 611 1075 cibus
628 1046 685 1075 est
706 1036 932 1075 humilitatis
947 1068 957 1085 ,
978 1052 1119 1089 purga-

102 1098 224 1136 torius
246 1112 334 1136 cum
358 1098 615 1136 amaritudine
641 1113 649 1135 ε

101 1159 385 1197 consolatorius
409 1172 497 1196 cum
520 1158 729 1196 dulcedine
752 1174 760 1196 :
785 1159 921 1196 tertius
944 1169 1117 1197 contem-

100 1220 306 1271 plationis,
328 1219 475 1257 solidus
499 1233 587 1257 cum
618 1219 856 1256 fortitudine.
882 1223 968 1257 Heu
997 1221 1112 1267 mihi,

99 1281 266 1318 Domine
303 1284 408 1318 Deus
442 1281 629 1318 virtutum
648 1283 655 1316 ἔ
698 1293 901 1331 quousque
941 1282 1115 1319 irasceris

101 1355 216 1393 super
231 1342 447 1379 orationem
470 1341 571 1378 servi
591 1341 666 1388 tui,
694 1340 839 1378 cibabis
858 1354 918 1378 me
939 1355 1037 1392 pane
1061 1343 1116 1379 la-

100 1416 319 1453 crymarum
335 1431 344 1449 ‚
371 1412 408 1440 et
435 1411 573 1453 potum
598 1402 707 1439 dabis
730 1403 822 1439 mihi
846 1403 884 1439 in
911 1404 1114 1453 lacrymis?

99 1462 193 1511 Quis
216 1476 276 1500 me
295 1462 476 1500 invitabit
495 1462 543 1499 ad
560 1462 657 1499 illud
676 1462 736 1498 vel
756 1462 923 1500 medium
943 1476 986 1500 ac
1003 1463 1114 1501 dulce

99 1523 293 1561 charitatis
327 1523 551 1561 convivium
583 1538 591 1560 :
622 1522 689 1560 ubi
714 1521 809 1572 justi
837 1524 1042 1573 epulantur
1076 1524 1115 1561 in

99 1593 312 1635 conspectu
323 1585 416 1630 Dei,
440 1593 477 1622 et
492 1583 730 1624 delectantur
745 1584 785 1620 in
807 1585 957 1631 laetitia,
981 1585 1115 1635 utjam

100 1659 180 1683 non
201 1647 364 1696 loquens
381 1645 421 1681 in
437 1644 692 1681 amaritudine
709 1645 846 1682 animae
862 1645 975 1693 meac,
994 1646 1117 1683 dicam

101 1709 208 1754 Deo,
230 1706 320 1744 Noli
353 1719 415 1743 me
439 1705 700 1742 condemnare
728 1720 735 1742 :
762 1705 827 1743 sed
857 1707 1050 1757 epulando
1077 1708 1115 1744 in

99 1768 243 1817 azymis
272 1766 502 1805 sinceritatis
527 1775 566 1803 et
598 1767 789 1813 veritatis,
825 1768 934 1804 laetus
966 1777 1114 1805 cantem

98 1829 139 1865 in
176 1829 248 1866 viis
293 1828 476 1875 Domini,
517 1828 701 1878 quoniam
740 1841 878 1878 magna
909 1837 964 1865 est
995 1829 1115 1879 gloria

1186 439 1331 476 mundo
1349 440 1464 477 corde
1485 445 1793 492 contemplando.
1817 447 1984 487 Observa
2005 453 2100 489 sieut
2119 468 2187 490 nu-

1186 513 1332 536 merum
1347 529 1356 546 ‚
1376 500 1427 536 ita
1443 509 1480 537 et
1498 502 1684 540 ordinem.
1701 506 1827 542 Primo
1844 516 1878 543 tc
1893 509 2025 547 doceat
2044 514 2187 549 Veritas

1186 559 1288 608 ipsa,
1327 560 1430 609 quod
1462 562 1568 611 prius
1604 562 1640 598 in
1675 565 1876 613 proximiS,
1913 581 2025 616 quam
2058 571 2098 606 in
2132 574 2188 608 sui

1188 618 1327 655 debeat
1356 619 1497 669 inquiri
1529 630 1676 659 natura.
1700 627 1789 660 Post
1811 625 1882 661 hoe
1915 627 2098 676 aecipicS,
2122 644 2189 665 eur

1188 679 1295 728 prius
1312 680 1350 716 in
1370 689 1424 726 te,
1443 694 1556 730 quam
1576 683 1613 718 in
1633 684 1818 732 proximis
1833 685 2023 735 inquirere
2042 687 2188 726 debeas.

1188 741 1232 774 In
1260 752 1422 776 numero
1452 740 1638 790 siquidem
1671 742 1974 791 beatitudinum,
2003 760 2096 795 quas
2121 762 2188 785 suo

1189 812 1364 837 sermone
1394 801 1566 837 distinxit
1590 803 1801 849 Dominus,
1839 795 1948 854 prius
1975 806 2190 844 misericor—

1188 859 1278 906 des,
1303 875 1416 911 quam
1438 862 1710 901 mundicordes
1733 865 1863 913 posuit
1880 872 1903 901 ¹.
1926 865 2188 905 Misericordcs

1186 921 1330 972 quippe
1359 922 1433 959 cito
1464 923 1502 958 in
1524 924 1708 972 proximis
1740 925 1939 962 veritatem
1973 926 2187 976 deprehen-

1187 981 1303 1029 dunt,
1337 982 1427 1019 dum
1460 997 1548 1021 suos
1575 984 1733 1039 affectus
1762 986 1800 1021 in
1831 986 1917 1023 illos
1946 987 2186 1025 extendunt:

1187 1042 1277 1079 dum
1299 1044 1350 1080 sic
1372 1057 1441 1094 per
1462 1044 1682 1081 charitatem
1706 1059 1744 1082 se
1768 1046 1840 1082 illis
1863 1047 2125 1094 conformant,
2147 1058 2190 1085 ut

680 1097 872 1135 secundus
896 1098 1089 1137 charitatis
1106 1129 1116 1147 ,
1137 1101 1165 1135 Β
1185 1102 1337 1140 illorum
1365 1105 1425 1141 vel
1446 1104 1547 1141 bona
1563 1135 1572 1150 ‚
1597 1106 1658 1142 vel
1682 1107 1778 1142 mala
1792 1136 1800 1152 ,
1824 1115 2001 1156 tanquam
2030 1110 2186 1158 propria

1184 1164 1359 1201 sentiant.
1381 1167 1475 1203 Cum
1494 1165 1652 1202 infirmis
1678 1167 1941 1213 infirmantur,
1968 1181 2053 1204 cum
2074 1182 2184 1205 scan-

1185 1224 1351 1263 dalizatis
1372 1233 1575 1263 uruntur&
1603 1227 1777 1265 Gaudere
1801 1241 1885 1264 cum
1913 1228 2183 1277 gaudentibus,

1184 1286 1274 1322 flere
1286 1299 1371 1322 cum
1388 1286 1567 1323 flentibus
1582 1288 1899 1324 consueverunt3.
1914 1292 1992 1325 Hac
2007 1289 2186 1327 charitate.

1183 1346 1349 1383 fraterna
1370 1347 1494 1383 cordis
1517 1347 1594 1383 acie
1623 1346 1824 1393 mundata,
1852 1347 2053 1384 veritatem
2081 1349 2186 1386 dele—

1182 1414 1333 1443 ctantur
1358 1407 1396 1443 in
1425 1407 1481 1444 sui
1513 1407 1766 1457 contemplari
1793 1416 1953 1453 natura,
1983 1421 2054 1457 pro
2081 1408 2188 1457 cujus

1183 1479 1315 1503 amore
1348 1467 1445 1503 mala
1473 1467 1638 1503 tolerant
1671 1467 1804 1503 aliena.
1837 1467 1911 1515 Qui
1948 1481 2039 1504 vero
2071 1469 2121 1505 ita
2152 1482 2190 1506 se

1184 1527 1362 1564 fratribus
1394 1541 1472 1564 non
1495 1527 1737 1573 consociant,
1769 1526 1835 1563 sed
1861 1540 1880 1563 e
1910 1528 2100 1564 contrario
2124 1537 2188 1566 aut

1185 1588 1362 1625 flentibus
1384 1589 1591 1634 insultant,
1621 1596 1684 1625 aut
1705 1586 1956 1637 gaudentibus
1978 1588 2185 1638 derogant;

1185 1647 1273 1684 dum
1298 1648 1402 1698 quod
1419 1649 1457 1684 in
1477 1648 1550 1684 illis
1570 1656 1642 1693 est,
1666 1647 1705 1683 in
1733 1660 1771 1683 se
1793 1660 1872 1684 csse
1893 1661 1971 1684 non
1996 1649 2163 1685 sentiunt
2177 1678 2186 1695 ,

1183 1709 1272 1758 quia
1304 1709 1476 1745 similiter
1511 1708 1636 1744 affecti
1666 1720 1744 1744 non
1779 1716 1886 1754 sunt,
1921 1709 2115 1745 veritatem
2146 1710 2186 1745 in

1184 1770 1369 1819 proximis
1390 1769 1552 1819 qualiter
1573 1768 1858 1819 deprehendere
1878 1771 2064 1819 possunt?
2084 1774 2186 1807 Bene

1184 1843 1349 1880 namque
1361 1830 1542 1866 convenit
1556 1829 1627 1865 illis
1641 1829 1734 1865 illud
1751 1829 1903 1878 vulgare
1916 1829 2161 1879 proverbium
2177 1845 2185 1866 :

99 1889 279 1927 Domini?
297 1893 405 1927 Bona
424 1897 553 1926 tamen
582 1889 643 1925 via
668 1888 891 1925 humilitatis
906 1918 915 1935 ,
946 1903 1022 1939 qua
1046 1903 1111 1926 ve-
1134 1892 1161 1928 C
1182 1892 1309 1928 Nescit
1328 1904 1442 1927 sanus
1460 1889 1549 1940 quid
1566 1890 1702 1926 sentiat
1722 1903 1820 1938 aeger
1833 1917 1842 1934 ,
1866 1898 1930 1926 aut
1946 1890 2079 1939 plenus
2094 1890 2186 1939 quid

99 1951 191 1988 ritas
222 1950 457 2000 inquiritur,
485 1950 650 1986 charitas
684 1950 919 1999 acquiritur,
953 1963 1114 2000 genera-

99 2012 223 2049 tiones
255 2011 454 2062 sapientiae
485 2011 780 2061 participantur.
811 2011 988 2060 Denique
1019 2012 1117 2048 sicut

98 2073 186 2110 finis
215 2072 310 2123 legis
339 2071 533 2117 Christus,
572 2071 625 2108 sic
650 2071 837 2121 perfectio
861 2071 1112 2117 humilitatis,

99 2134 268 2184 cognitio
299 2133 485 2170 veritatis.
523 2132 696 2169 Christus
732 2145 817 2168 cum
850 2133 957 2169 venit
988 2133 1115 2169 attulit

97 2194 258 2245 gratiam
281 2209 288 2231 ε
309 2193 460 2231 Veritas
480 2192 622 2243 quibus
644 2192 881 2239 innotuerit,
904 2192 969 2229 dat
990 2193 1115 2229 chari-

99 2263 227 2292 tatem.
250 2253 464 2292 Innotescit
486 2261 614 2290 autem
643 2252 854 2290 humilibus
874 2268 881 2290 :
904 2252 1114 2290 humilibus

100 2329 195 2366 ergo
213 2315 277 2353 dat
302 2315 476 2366 gratiam.

461 2441 639 2480 CAPUT
670 2441 745 2479 ΙΙΙ.

101 2567 174 2607 Quo
202 2564 314 2597 ordine
336 2565 449 2608 gradus
471 2565 657 2597 humilitatis
682 2564 722 2596 ad
746 2563 944 2607 propositum
969 2563 1115 2595 bravium

147 2620 286 2652 veritatis
307 2620 481 2663 perducant
503 2631 512 2652 z
535 2626 567 2651 et
589 2619 748 2662 quomodo
771 2619 912 2652 Christus
926 2630 981 2662 per
998 2620 1116 2662 passio-

146 2686 220 2707 nem
233 2674 341 2707 didicit
356 2674 614 2707 misericordiam.

156 2801 193 2836 (5.
224 2796 314 2836 Dixi
329 2826 338 2844 ,
376 2805 420 2834 ut
450 2796 583 2847 potui,
620 2809 698 2846 quo
734 2795 861 2832 fructu
893 2795 1117 2832 humilitatis

101 2859 243 2910 gradus
256 2857 409 2896 ascendi
427 2856 594 2894 debeant
611 2871 619 2893 :
642 2855 765 2892 dicam
778 2885 788 2903 ,
804 2864 847 2892 ut
862 2864 999 2905 potero
1011 2885 1020 2903 ,
1039 2869 1116 2905 quo

102 2919 239 2957 ordine
259 2918 306 2956 ad
326 2918 574 2969 propositum
592 2916 769 2953 bravium
788 2917 960 2953 veritatis
980 2917 1118 2966 perdu-

103 2988 202 3017 cant.
223 2979 296 3017 Sed
322 2978 413 3029 quia
438 2978 522 3028 ipsa
549 2990 706 3028 quoque
725 2976 896 3013 veritatis
916 2977 1058 3026 agnitio
1079 2977 1118 3012 in

103 3038 226 3076 tribus
259 3037 441 3089 gradibus
475 3037 650 3075 consistit
670 3052 680 3083 ;
722 3037 826 3087 ipsos
860 3036 1030 3073 breviter
1047 3067 1056 3083 ,
1089 3037 1118 3073 si

104 3113 262 3150 possum
279 3128 288 3146 ,
313 3098 506 3149 distinguo
527 3113 534 3136 :
568 3107 757 3148 quatenus
795 3111 841 3134 ex
873 3097 947 3134 hoc
982 3098 1119 3134 clarius

104 3159 340 3206 innotescat,
362 3158 410 3195 ad
431 3172 547 3209 quem
576 3159 691 3196 trium
713 3158 904 3205 veritatis,
936 3157 1120 3194 duodeci-

107 3232 192 3256 mus
222 3218 449 3255 humilitatis
470 3219 676 3269 pertingat.
698 3218 934 3267 Inquirimus
954 3230 1119 3267 namque

103 3279 305 3317 veritatem
323 3279 362 3316 in
388 3278 500 3316 nobis
514 3308 524 3325 ,
544 3279 584 3315 in
605 3278 810 3330 proximis,
831 3279 870 3314 in
891 3278 948 3314 sui
970 3286 1117 3315 natura.

1184 1952 1352 2001 patiatur
1370 1950 1537 2001 jejunus.
1561 1952 1608 1986 Et
1629 1962 1726 1999 aeger
1756 1962 1875 1998 aegre,
1903 1957 1940 1985 et
1955 1948 2108 1997 jejunus
2125 1948 2186 1997 je-

1181 2013 1279 2063 juno
1316 2022 1462 2064 quanto
1503 2011 1759 2062 propinquius
1777 2038 1786 2055 ,
1826 2017 1931 2045 tanto
1970 2009 2188 2046 familiarius

1183 2074 1485 2124 compatiuntur.
1509 2072 1613 2110 Sicut
1631 2068 1731 2107 enim
1754 2083 1847 2120 pura
1863 2069 2002 2106 veritas
2022 2083 2099 2106 non
2117 2069 2189 2107 nisi

1182 2148 1282 2185 puro
1309 2133 1425 2171 corde
1455 2132 1606 2168 videtur
1633 2146 1640 2167 2
1670 2131 1720 2166 sic
1742 2129 1891 2166 miseria
1916 2130 2041 2166 fratris
2060 2130 2186 2167 verius

1182 2194 1320 2230 misero
1344 2192 1459 2229 corde
1480 2192 1651 2228 sentitur.
1674 2189 1745 2226 Sed
1764 2197 1805 2225 ut
1824 2188 1873 2225 ob
1891 2189 2052 2226 alienam
2072 2190 2184 2226 mise-—

1183 2255 1279 2290 riam
1311 2253 1491 2290 miserum
1524 2266 1590 2288 cor
1622 2249 1759 2287 habeas
1778 2279 1786 2295 ,
1824 2258 1975 2299 oportet
2005 2257 2049 2286 ut
2081 2257 2182 2286 tuam

1182 2314 1288 2364 prius
1307 2326 1489 2363 agnoscas
1514 2327 1520 2349 :
1543 2321 1585 2349 ut
1604 2310 1770 2362 proximi
1792 2318 1955 2346 mentem
1978 2310 2016 2346 in
2039 2317 2100 2346 tua
2119 2309 2181 2345 in-

1182 2375 1312 2412 venias
1325 2405 1335 2422 ,
1351 2383 1388 2411 et
1407 2388 1452 2411 ex
1473 2382 1508 2410 te
1527 2387 1602 2410 nov
1614 2372 1705 2418 eris,
1723 2371 1882 2420 qualiter
1898 2370 1950 2407 illi
1968 2369 2186 2416 subvenias,

1181 2435 1359 2485 exemplo
1380 2435 1521 2471 scilicet
1543 2431 1749 2470 Salvatoris
1766 2430 1907 2476 nostri,
1929 2430 1992 2480 qui
2015 2430 2093 2480 pati
2112 2443 2184 2466 vo-

1181 2496 1272 2542 luit,
1290 2504 1333 2532 ut
1353 2495 1519 2545 compati
1541 2494 1672 2539 sciret,
1697 2491 1809 2528 miser
1830 2490 1932 2536 fieri,
1954 2499 1994 2526 ut
2014 2488 2182 2526 misereri

1184 2556 1367 2603 disceret,
1399 2565 1442 2593 ut
1469 2553 1663 2605 quomodo
1694 2551 1739 2588 de
1774 2552 1857 2600 ipso
1888 2551 2072 2600 seriptum
2101 2557 2180 2594 est,

1184 2619 1331 2654 Didicit
1361 2631 1410 2652 ea:
1440 2618 1496 2653 liis
1525 2629 1612 2664 quse
1637 2626 1770 2663 passus
1801 2620 1853 2647 cst
1878 2608 2149 2646 οὐσᾶιέἰιιίαηι4
2169 2637 2179 2654 ,

1132 2683 1165 2716 D
1187 2677 1238 2713 ita
1269 2685 1305 2713 et
1331 2674 1626 2713 misericordiam
1651 2672 1822 2708 disceret.
1850 2674 1935 2707 Non
1965 2669 2068 2719 quod
2096 2677 2183 2705 ante

1183 2737 1354 2774 misereri
1371 2736 1552 2781 nesciret,
1568 2732 1676 2782 eujus
1690 2730 1945 2768 misericordia
1957 2729 2004 2766 ab
2020 2737 2181 2774 aeterno,

1183 2807 1220 2835 et
1240 2812 1360 2848 usque
1381 2797 1419 2833 in
1441 2805 1625 2833 aeternum
1647 2807 1654 2829 :
1677 2791 1741 2829 sed
1762 2790 1866 2840 quod
1888 2799 2021 2826 natura
2042 2788 2183 2826 sciebat

1185 2858 1231 2895 ab
1252 2867 1416 2903 aeterno,
1440 2853 1640 2905 temporali
1660 2851 1791 2888 didicit
1810 2850 2083 2900 experimento.

1241 2921 1275 2957 ’7.
1299 2918 1370 2956 Sed
1386 2918 1482 2954 forte
1498 2915 1635 2951 durum
1652 2912 1717 2949 tibi
1728 2911 1892 2958 videtur,
1907 2910 2011 2960 quod
2023 2909 2101 2946 dixi
2116 2908 2186 2946 Dei

1186 2978 1406 3029 sapientiam
1438 2975 1627 3014 Christum
1652 2971 1826 3008 didicisse
1861 2969 2180 3014 misericordiam3

1186 3039 1293 3090 quasi
1316 3038 1345 3074 is
1376 3050 1444 3087 per
1476 3048 1589 3085 quem
1618 3032 1745 3069 omnia
1777 3032 1873 3068 facta
1905 3037 2015 3075 sunt,
2038 3027 2179 3077 aliquid

1186 3098 1390 3148 aliquando
1412 3098 1620 3146 ignorasset
1641 3106 1688 3129 ex
1710 3093 1753 3129 iis
1773 3105 1857 3142 quae
1879 3099 1966 3127 sunt
1987 3105 1994 3126 :
2021 3089 2181 3125 maxime

1187 3172 1270 3196 eum
1294 3157 1388 3194 illud
1409 3155 1513 3206 quod
1534 3169 1580 3192 ex
1605 3154 1775 3204 Epistola
1801 3151 1847 3188 ad
1868 3150 2048 3188 Hebraeos
2075 3147 2120 3183 ad
2142 3146 2180 3210 id

1186 3216 1517 3268 comprobandum
1538 3211 1854 3256 commemoravi,
1877 3210 1948 3246 alio
1969 3219 2099 3269 sensu,
2118 3218 2182 3253 qm

1189 3291 1266 3314 non
1288 3277 1338 3313 ita
1366 3276 1543 3312 videatur
1564 3272 1772 3318 absurdus,
1802 3269 1919 3319 possit
1944 3264 2117 3312 intellig13
2140 3271 2180 3298 ut

159 3408 168 3422 ¹
187 3400 303 3434 Matih.
322 3413 355 3442 V,
377 3403 410 3439 7,
438 3404 469 3433 8.
485 3421 531 3424 -
548 3406 560 3422 ²
579 3404 609 3433 ΙΙ
627 3403 701 3433 Cor.
721 3411 753 3432 xx
766 3425 774 3439 ,
798 3403 850 3431 29.
865 3419 911 3422 —
927 3398 940 3420 3
958 3403 1127 3435 Rom.x11.
1152 3404 1203 3431 15.
1219 3398 1290 3425 -4
1310 3397 1507 3435 Heb1·.v‚s.
