2517 3920
401 179 472 216 775
1164 185 1198 220 S.
1230 180 1484 219 BERNARDI
1514 181 1714 216 ABBATIS

400 259 535 308 singuli
564 262 731 311 singulos
756 261 948 298 ministros
978 261 1057 311 rjus
1083 261 1265 297 custodiae
1286 255 1472 311 (lepti-⁵⁷³

2401 185 2471 224 77ss

1536 258 1571 293 si.
1591 257 1806 294 Servientes
1825 255 2024 305 Episcopi,
2041 264 2079 292 et
2099 265 2287 307 quotquot
2304 271 2412 300 erunt
2429 265 2472 303 de
2496 259 2498 284 ἓ

403 318 536 357 tabunt
550 351 558 367 ,
578 331 615 358 ct
631 331 793 372 uterque
815 321 861 358 ab
882 321 1069 358 ambobus
1099 321 1318 358 fidelitatem
1339 334 1406 357 ex·
1424 318 1454 351 A
1476 317 1615 354 familia
1635 317 1735 366 ethS,
1762 328 1960 365 nunquam
1983 315 2229 364 justitiabunt
2249 331 2288 355 se
2312 333 2379 370 per
2398 326 2467 362 Co-

401 380 536 430 cipiet,
558 383 705 432 eritque
723 383 760 419 in
778 391 1014 419 sacramento
1035 395 1186 428 corum,
1205 381 1308 431 quod
1326 381 1409 417 nul-

403 442 459 477 lus
483 441 597 479 bomo
626 444 703 479 sive
734 443 871 479 animal
906 443 941 478 iu
967 443 1049 478 baia
1080 456 1148 492 per
1169 443 1405 478 occasionem

401 503 583 551 capiatur.
608 504 789 540 Forisacta
808 503 900 539 baia>
919 503 1174 539 communiter
1190 502 1406 551 percipien—

402 569 463 597 tur
484 578 490 598 t
513 576 596 612 quae
621 564 732 599 (tiam
761 563 931 599 soriiacta
961 563 1029 599 bac
1053 563 1199 598 ratione
1221 561 1404 597 determi—

399 630 549 658 nantur.
579 627 738 667 Porcus,
763 623 865 668 ovis,
897 636 1040 667 vaccae,
1064 637 1148 659 cum
1170 621 1406 658 lascivientes

400 682 549 730 lugiunt
570 692 714 729 tauros,
732 684 759 719 si
776 684 812 719 in
835 697 876 719 ca
899 683 1144 732 dcprcbensae
1167 682 1328 727 suerint,
1348 681 1404 716 ni-

398 741 447 778 bil
470 743 740 779 ciucndabunt.
762 748 902 789 Boves,
924 757 1065 788 vaccae,
1088 743 1174 792 equi
1189 772 1197 788 ,
1219 742 1332 787 asini,
1348 755 1406 777 ca-

394 815 496 850 prea·
517 811 552 838 et
577 803 710 839 similia
732 804 930 847 animalia,
955 804 982 838 si
1006 804 1086 839 sinz,¹
1114 802 1271 839 custode
1301 802 1337 837 in
1362 814 1403 837 ea

395 863 549 898 inventa
569 863 727 908 suerint,
743 876 814 912 pro
830 863 985 911 singulis
1003 863 1139 911 singuli
1159 862 1303 897 denarii
1321 874 1402 910 per-

392 923 601 958 solventur.
622 923 656 959 Si
670 931 797 958 custos
814 922 997 968 adfuerit,
1020 931 1095 958 tres
1111 922 1254 958 solidos
1276 935 1347 972 pro
1365 934 1404 957 se

392 981 620 1018 emendabit.
658 986 731 1019 Pro
768 982 979 1032 pecudibus
1017 982 1109 1018 nibil
1146 982 1330 1030 exigetur.
1365 981 1402 1018 Si

1475 378 1617 414 mitem.
1646 377 1783 415 Omnia
1811 376 1984 412 forifacta
2003 377 2278 425 claustrorum,
2302 380 2467 423 vide-licet

1474 438 1627 474 claustri
1674 436 1998 486 Sancti-Stephani
2011 466 2020 482 ,
2056 445 2093 473 ct
2127 437 2279 475 claustri
2318 443 2467 482 Sanctae·

1473 498 1623 543 Mariae,
1643 507 1679 534 et
1695 497 1848 534 claustri
1869 496 2190 543 Sancti-Eusebii‚
2213 508 2250 535 et
2266 503 2467 543 Sancti-Pe·
2494 515 2495 519 ¹

1475 559 1539 603 tri,
1556 567 1588 594 ct
1610 557 1947 595 Sancti-Amatoris
1959 585 1968 602 ,
1986 565 2022 593 et
2037 570 2079 594 ea
2095 571 2181 608 quae
2195 559 2362 599 claustris
2381 576 2468 602 con-
2494 589 2495 593 =

1474 619 1657 665 tini-utur,
1673 618 1771 669 juris
1791 618 2019 668 episcopalis
2040 627 2150 665 sunt,
2170 632 2239 656 nec
2258 621 2414 672 aliquam
2433 625 2466 663 in
2492 646 2495 651 ·

1473 679 1525 716 eis
1544 688 1721 716 exercere
1744 679 1884 729 poterit
1901 681 2037 715 Comes
2056 687 2300 729 potestatem,
2320 695 2387 721 nec
2401 697 2468 736 pro
2492 713 2494 736 1

1473 740 1602 790 aliquo
1625 740 1798 775 forifacto
1825 737 2028 788 cujuslibet
2056 738 2220 777 hominis
2237 754 2316 788 res,
2336 756 2417 793 quae
2430 746 2465 784 in
2492 778 2493 786 ,

1473 800 1647 837 claustris
1662 808 1768 846 sunt,
1788 800 1826 836 in
1843 813 1950 836 suam
1969 800 2170 837 transferet
2185 810 2416 851 potestatem.
2432 809 2466 846 Si

1471 860 1605 910 aliquis
1627 861 1744 896 laicus
1768 859 2029 910 deprehensus
2052 861 2164 897 fuerit
2182 862 2219 898 in
2240 862 2404 903 claustris
2429 867 2466 906 in
2490 879 2493 884 ’

1470 920 1672 957 latrocinio
1688 950 1697 965 ,
1724 934 1810 956 cum
1834 933 1909 957 una
1930 933 2171 970 quacumque
2190 930 2294 960 veste
2319 937 2383 962 sua
2400 939 2465 977 pro
2489 944 2491 954 ⁴

1465 980 1611 1030 justitia
1643 981 1814 1017 facienda
1843 981 1981 1019 Comiti
2006 980 2200 1018 reddetur.
2226 984 2340 1021 Extra
2368 985 2464 1024 clau-
2490 996 2491 1015 ἒ

389 1042 504 1077 bomo
523 1042 621 1091 ligna
645 1042 792 1079 caedens
810 1043 846 1079 in
870 1056 913 1079 ea
932 1043 1111 1079 inventus
1134 1042 1267 1087 suerit,
1289 1041 1399 1091 quin·
1420 1044 1448 1076 P»
1468 1040 1545 1078 stra
1563 1051 1688 1079 autem
1711 1042 1944 1093 quicumque
1964 1043 2049 1079 laici
2069 1043 2234 1080 latrones
2250 1043 2462 1094 deprehensi
2487 1054 2491 1089 ζ

390 1102 510 1138 decim
543 1102 674 1139 solidis
705 1103 946 1149 emendabit,
980 1103 1202 1139 incendium
1238 1103 1397 1149 faciens,

389 1163 593 1212 sexaginta.
616 1167 749 1213 Itaque
773 1164 954 1213 praedicta
983 1164 1153 1200 forifacta
1178 1164 1271 1200 baiae
1295 1177 1398 1199 nun—

387 1237 501 1273 quam
537 1224 724 1261 excedent
757 1224 1052 1274 praenoniinatas
1084 1238 1261 1261 summas.
1303 1223 1396 1261 Haia

386 1297 464 1320 non
485 1284 713 1321 extendetur
730 1285 767 1320 in
787 1285 902 1321 latum
922 1285 1023 1321 ultra
1041 1284 1291 1334 quadraginta
1312 1297 1398 1334 per-

386 1345 479 1382 ticas
496 1346 732 1396 arpennales.
756 1347 790 1383 Si
816 1355 940 1382 autem
964 1346 1136 1382 camdem
1159 1347 1281 1382 baiam
1303 1358 1396 1382 con-

388 1405 513 1455 tigerit
534 1405 758 1455 alapiando,
786 1419 851 1442 seu
874 1414 1078 1451 vetustate,
1100 1419 1165 1442 seu
1184 1406 1308 1455 aliqua
1332 1419 1397 1442 oc—

388 1467 537 1503 casionc
553 1497 559 1511 ,
577 1467 623 1503 ad
641 1467 677 1502 id
698 1467 877 1503 devenire
895 1476 937 1503 ut
954 1481 1030 1503 non
1051 1467 1118 1513 sit,
1134 1468 1163 1503 si
1181 1481 1262 1504 cam
1282 1467 1396 1503 simul

385 1526 525 1563 ibidem
550 1540 726 1576 reparare
749 1527 958 1573 voluerint,
979 1526 1107 1563 licebit
1125 1543 1131 1564 :
1149 1527 1255 1577 quod
1276 1528 1305 1563 si
1327 1541 1397 1563 no-

386 1587 548 1635 luerint,
570 1597 669 1625 terra
687 1602 906 1634 remanens,
926 1589 1003 1625 sive
1026 1589 1126 1625 culta
1146 1589 1216 1631 sit,
1239 1589 1318 1625 sive
1335 1589 1396 1625 in—

383 1649 483 1684 culta
499 1678 506 1691 ,
527 1648 572 1684 ad
588 1648 799 1685 dominium
821 1650 998 1699 Episcopi
1018 1658 1242 1686 revertetur.
1260 1651 1396 1688 Omnia

384 1710 454 1745 alia
479 1710 670 1755 forifacta,
702 1723 786 1759 quac
808 1719 913 1746 extra
934 1710 1056 1747 haiam
1077 1712 1167 1747 fient
1188 1711 1268 1747 sine
1288 1719 1395 1761 parte

383 1770 541 1808 Comitis
555 1799 563 1815 ,
586 1771 766 1820 Episcopi
787 1780 886 1807 sunt.

439 1831 474 1867 2.
493 1834 681 1867 Statutum
704 1840 760 1867 cst
781 1831 826 1868 de
847 1833 1011 1879 clericis,
1035 1841 1075 1869 ut
1103 1833 1262 1869 oinnino
1282 1848 1303 1870 a
1323 1848 1394 1884 po-
1415 1831 1442 1866 C

385 1899 516 1926 testate
538 1891 695 1927 Comitis
722 1891 829 1928 liberi
856 1901 891 1928 ct
914 1892 1101 1930 immunes
1129 1894 1292 1930 existant
1314 1910 1320 1931 :
1343 1895 1394 1931 ita

383 1951 487 2001 quod
511 1965 579 1987 ncc
606 1952 746 2001 aliquid
771 1952 868 2001 juris
889 1954 948 1990 vel
967 1953 1238 1991 dominationis
1264 1956 1303 1991 in
1330 1970 1394 1992 cos

384 2027 429 2049 cx
450 2013 573 2062 aliqua
592 2014 790 2049 occasione
811 2018 946 2050 (Iomcs
963 2014 1176 2061 exercebit,
1194 2030 1262 2052 nee.
1280 2016 1394 2054 rebus

383 2088 537 2120 corum,
568 2074 800 2124 ubicumque
821 2076 918 2122 sint,
942 2091 1095 2113 manum
1127 2078 1254 2127 aliquo
1277 2079 1392 2115 modo

383 2135 532 2171 mittere
551 2134 644 2181 sibi,
666 2136 724 2172 vel
749 2136 859 2173 alicui
880 2137 1141 2174 ministrorum
1168 2152 1326 2176 suorum
1345 2141 1392 2176 li—

383 2195 493 2232 cebit.
513 2196 624 2245 Quod
641 2197 670 2233 si
694 2197 731 2233 in
753 2207 886 2247 aperto
910 2199 1098 2236 latrocinii
1122 2200 1295 2237 forifacto
1319 2203 1392 2239 cle-

382 2258 482 2293 ricus
499 2258 610 2294 fucrit
629 2258 888 2308 deprehensus
900 2290 909 2306 ,
926 2260 1069 2310 absque
1085 2262 1190 2298 omni
1207 2263 1390 2302 clericalis

381 2317 534 2354 Ordinis
566 2317 704 2366 injuria
739 2332 804 2355 seu
835 2320 1080 2369 indignitate,
1114 2322 1304 2374 Episcopo
1329 2325 1389 2362 vel

382 2376 464 2425 ejus
489 2378 668 2414 ministris
689 2378 870 2416 reddetur
892 2395 899 2416 :
924 2394 966 2416 ac
986 2380 1184 2432 deinceps,
1202 2384 1389 2433 siquidem

382 2447 514 2474 contra
532 2439 654 2488 ipsum
673 2453 693 2475 a
711 2440 856 2476 Comite
873 2442 930 2477 vel
949 2440 1031 2490 ejus
1049 2443 1230 2480 ministris
1245 2454 1310 2482 aut
1326 2446 1392 2482 ho-

384 2513 404 2534 n
426 2498 548 2535 ⁷nibus
569 2500 898 2549 expostulabitur3
926 2503 1137 2553 Episcopus
1166 2505 1237 2550 eis,
1264 2519 1390 2555 quan-

384 2569 462 2595 tum
488 2559 551 2609 jus
585 2569 621 2596 ct
655 2562 749 2597 ratio
779 2561 1002 2610 dictaverit,
1033 2563 1079 2600 de
1111 2565 1247 2602 eodem
1283 2568 1392 2605 saciet

383 2620 481 2656 satis.

438 2682 473 2717 3.
494 2682 703 2718 'scloncum
733 2683 895 2719 civitatis
915 2693 952 2720 et
981 2683 1255 2723 suburbiorum
1287 2687 1391 2737 ejus,

385 2741 470 2789 quia
493 2741 680 2791 Episcopo
699 2750 735 2778 et
753 2743 889 2779 Cotniti
904 2758 1108 2781 conimune
1127 2759 1207 2782 esse
1223 2756 1392 2796 constat,

385 2801 412 2836 si
438 2801 591 2849 aliquod
619 2802 833 2838 l'orilactum
862 2803 950 2840 inde
979 2805 1224 2842 commissum
1257 2807 1390 2855 fuerit,

386 2861 597 2910 “pisi-opus
618 2863 777 2911 capitale
807 2877 916 2899 suuni
943 2878 1011 2914 per
1032 2878 1069 2901 sc
1101 2866 1280 2916 recipiet,
1305 2883 1390 2906 cum

459 2921 480 2956 i«
496 2934 538 2969 ἐν
559 2935 638 2970 qua,
660 2922 819 2971 quisqui-
840 2924 935 2959 vivit
963 2940 969 2961 :
992 2934 1029 2961 et
1050 2928 1185 2963 Comes
1206 2941 1276 2977 pro
1298 2930 1392 2966 sori-

389 2990 506 3027 nmio,
534 2982 726 3030 s‹>;;igi;i!:1
750 2983 903 3019 solidos.
935 2985 969 3021 Si
1000 2986 1230 3024 telonearius
1260 2991 1393 3026 Comi-

386 3044 430 3077 ?32.
444 3074 451 3087 ‚
470 3056 534 3079 scu
555 3044 688 3092 aliq-fs.
714 3045 915 3091 clientum,
937 3048 1083 3096 primus
1115 3051 1259 3099 ceperit
1280 3065 1387 3097 cum,

386 3103 449 3147 “gui
485 3104 642 3153 capitale
672 3105 850 3155 Episcopi
877 3106 1053 3155 abstulit,
1085 3110 1244 3159 capitale
1279 3126 1388 3149 suum

384 3177 467 3200 ¹um
490 3176 533 3200 ca
555 3165 634 3213 lege
657 3165 846 3216 Episcopo
869 3167 1026 3204 reddi-rc
1049 3170 1159 3206 saciet
1178 3186 1185 3206 :
1209 3181 1243 3208 et
1265 3173 1294 3209 si
1322 3187 1391 3223 per

381 3240 412 3273 j
422 3238 462 3261 us
478 3225 663 3261 incuriam
682 3240 767 3262 cum
787 3227 920 3264 codem
941 3230 1091 3278 capitali
1112 3233 1292 3279 evaserit,
1311 3234 1391 3283 ipse

384 3298 453 3333 pro
476 3285 539 3321 illo
562 3286 766 3336 Episcopo,
789 3287 833 3323 dc
854 3289 1002 3337 capitali
1021 3298 1055 3325 ct
1078 3291 1158 3340 lcgc
1180 3294 1390 3341 responde-

379 3346 440 3382 tiit.

1468 1104 1627 1150 suerint,
1649 1111 1686 1139 et
1706 1103 1778 1153 ipsi
1799 1112 1835 1139 et
1855 1116 1913 1140 res
1938 1116 2072 1139 eorum
2099 1103 2256 1141 Comitis
2275 1114 2382 1152 sunt,
2400 1121 2462 1146 ex·
2488 1137 2490 1143 ,

1466 1164 1585 1215 ceptis
1615 1163 1688 1200 illis
1718 1163 1853 1210 rebus,
1885 1177 1970 1214 quae
1997 1164 2037 1200 in
2068 1164 2241 1202 claustris
2273 1167 2462 1207 nominatis
2486 1172 2489 1213 ἒ

1465 1225 1736 1271 continentur,
1758 1238 1844 1274 quae
1868 1225 2026 1275 proprie
2047 1224 2094 1261 ad
2113 1225 2333 1277 episcopum
2350 1230 2459 1278 perti-

1464 1295 1568 1322 nent.

1518 1348 1553 1383 5.
1593 1350 1650 1384 De
1692 1347 1802 1383 terris
1840 1345 2083 1383 censualibus
2120 1346 2356 1385 manifestum
2387 1358 2457 1396 est,
2484 1381 2486 1384 ,

1464 1407 1567 1456 quod
1611 1420 1808 1456 nunquam
1843 1407 1930 1443 licet
1961 1406 2099 1444 Comiti
2129 1407 2188 1444 vel
2220 1407 2360 1446 homini
2397 1415 2485 1448 suo?

1465 1482 1549 1515 cas,
1580 1482 1665 1518 quae
1689 1468 1736 1505 de
1765 1468 1884 1505 fundo
1915 1477 2004 1505 sunt
2033 1468 2232 1518 Episcopi,
2255 1469 2458 1520 acquirere,

1465 1531 1535 1567 nisi
1557 1544 1624 1580 per
1654 1531 1906 1580 Episcopum,
1931 1544 2001 1567 nec
2031 1531 2143 1567 etiam
2176 1529 2337 1580 aliquam
2367 1531 2483 1570 deci-i

1464 1605 1577 1628 mam.
1600 1596 1773 1629 Bannum
1798 1592 1955 1629 Comitis
1976 1590 2236 1629 observabunt
2257 1591 2373 1630 tribus
2391 1593 2459 1631 die·
2480 1606 2484 1627 ι

1462 1651 1534 1688 bus
1573 1666 1728 1699 omncs,
1759 1661 1832 1689 tam
1869 1652 2018 1698 clerici,
2048 1665 2161 1701 quam
2197 1652 2298 1697 laici,
2331 1654 2394 1703 qui
2422 1654 2483 1707 in,

1463 1713 1637 1750 claustris
1666 1722 1866 1750 morantur
1897 1728 1904 1750 :
1935 1712 2076 1763 quibus
2109 1714 2323 1760 transactis,
2351 1710 2483 1752 liberess¹

1463 1774 1645 1811 vendent.
1683 1775 1719 1813 Si
1760 1774 1972 1825 Episcopus
2005 1774 2138 1810 vinum
2181 1782 2246 1810 aut
2279 1787 2456 1812 annonam
2479 1773 2487 1825 ξ

1461 1836 1763 1885 comparaverit,
1795 1836 1888 1872 nibil
1917 1835 2091 1885 gellagii,
2113 1835 2174 1871 vel
2200 1835 2350 1872 alterius
2369 1847 2456 1872 con·
2478 1841 2481 1857 ¹

1461 1896 1675 1933 suetudinis
1696 1895 1743 1932 ab
1762 1909 1808 1932 co
1825 1896 2012 1945 exigetur.
2031 1894 2243 1945 Episcopus
2264 1894 2457 1932 servientes
2477 1905 2480 1910 ·

1461 1966 1499 1993 et
1519 1958 1691 1994 homines
1707 1957 1883 2004 Comitis,
1903 1965 1976 1994 tam
1996 1969 2066 2006 per
2082 1969 2140 2003 se,
2158 1969 2270 2005 quam
2292 1955 2455 1994 ecclesia-

1462 2019 1576 2055 sticos
1594 2019 1805 2065 ministros,
1821 2032 1893 2069 pro
1911 2017 2185 2054 christianitate
2200 2014 2453 2062 submonebit,
2476 2034 2478 2037 ·

1461 2089 1499 2116 et
1514 2079 1781 2130 justificabunt
1805 2093 1844 2117 se
1864 2093 1934 2130 per
1949 2092 2052 2116 eum.
2320 2078 2325 2088 ‘
2475 2070 2478 2078 λ

1515 2142 1550 2178 6.
1572 2145 1720 2178 Domus
1742 2141 1899 2179 Comitis
1923 2148 1961 2177 et
1982 2139 2216 2177 munitiones
2235 2147 2454 2184 castrorum,
2474 2160 2477 2175 ε

1459 2215 1545 2251 quae
1565 2201 1646 2252 ipse
1666 2201 1904 2251 dignoscitur
1921 2210 2051 2239 tencre
2068 2200 2115 2238 ab
2136 2201 2343 2252 Episcop0,
2365 2188 2477 2260 scili-f

1459 2269 1519 2298 cet
1566 2262 1828 2309 Castri—Novi,
1865 2261 2242 2309 Sancti-Salvatoris,
2277 2257 2453 2304 Conadae',
2472 2261 2475 2272 ¹

1457 2322 1633 2360 Mailliaci
1646 2352 1654 2368 ‚
1680 2323 1879 2360 tradentur
1898 2323 2091 2373 Episcopo
2112 2321 2159 2360 ad
2178 2320 2261 2372 ejus
2285 2319 2455 2370 benepla-

1460 2383 1576 2420 citum
1597 2383 1674 2420 :ita
1705 2392 1830 2420 tamen
1851 2383 1958 2434 quod
1986 2397 2032 2421 eo
2063 2383 2302 2429 discedente,
2329 2379 2473 2420 Comiti'

1459 2444 1518 2480 vel
1548 2443 1859 2481 ministerialibus
1885 2443 1966 2494 ejus
1994 2457 2080 2481 cum
2112 2443 2327 2493 integritate
2355 2440 2471 2478 restim

1460 2513 1628 2541 tuentur.
1659 2509 1700 2542 In
1736 2504 1859 2542 boscis
1880 2504 2038 2542 Comitis
2066 2504 2278 2555 Episcopus
2309 2499 2471 2555 aecipiet3

1460 2566 1670 2602 necessaria
1688 2565 1755 2601 sibi
1780 2574 1816 2601 ct
1835 2565 2003 2602 ecclesiae
2023 2562 2356 2614 Sancti-Stephani.
2467 2564 2471 2605 ξ

1517 2628 1551 2665 7.
1576 2627 1724 2663 Dictum
1744 2636 1800 2663 cst
1817 2635 1851 2662 ct
1871 2639 2094 2663 concessum
2110 2624 2157 2662 de
2174 2623 2361 2662 canonicis
2372 2623 2455 2660 San·
2466 2632 2474 2669 ς

1460 2688 1729 2738 cti—Stephani,
1753 2688 1858 2738 quod
1879 2688 1917 2724 in
1938 2686 2056 2724 bosco
2084 2686 2131 2723 de
2157 2685 2252 2723 Thul
2273 2682 2469 2722 usuariumi

1461 2762 1571 2785 suum
1590 2749 1759 2798 plenarie
1780 2746 1989 2784 habebunt.
2007 2746 2209 2796 Cognitum
2229 2753 2284 2782 est
2300 2752 2336 2782 et
2350 2757 2371 2781 a
2386 2740 2456 2781 Co-

1461 2809 1551 2845 mite
1571 2822 1791 2845 concessum
1809 2838 1817 2853 ,
1837 2807 1940 2858 quod
1962 2820 2039 2844 non
2056 2807 2144 2844 licet
2168 2806 2201 2843 ei
2214 2801 2454 2843 Autissiodori

1459 2870 1624 2919 aliquam
1658 2870 1908 2906 mutationem
1936 2869 1995 2905 vel
2026 2867 2312 2905 innovationem
2341 2865 2467 2902 facere.

1459 2929 1602 2979 absque
1628 2929 1780 2966 licentia
1800 2928 2000 2979 Episcopi,
2020 2926 2067 2964 de
2088 2925 2196 2976 cujus
2223 2924 2334 2962 feodo
2352 2934 2465 2977 rem-j

1458 2992 1605 3040 gnoscit
1621 3004 1659 3027 se
1682 2999 1810 3027 tenere
1828 2987 2017 3039 quidquid
2031 2987 2145 3025 habet
2160 2982 2404 3024 Autissiodori
2419 2989 2464 3042 et,v

1458 3052 1497 3089 in
1516 3052 1676 3088 circuitu
1693 3049 1797 3100 ejus,
1816 3058 1956 3100 praeter
1973 3049 2045 3085 hoc
2061 3047 2164 3098 quod
2180 3045 2392 3083 continetur
2404 3041 2463 3080 in*

1459 3113 1515 3149 fra
1548 3125 1678 3149 muros
1712 3109 1818 3147 urbis
1848 3119 1955 3147 extra
1987 3109 2212 3154 claustrum,
2233 3103 2336 3156 quod
2360 3109 2452 3141 tenet

1459 3173 1505 3210 dc
1528 3173 1685 3209 domino
1707 3175 1829 3221 Regc;
1846 3179 1884 3208 et
1899 3179 2039 3221 praeter
2058 3168 2211 3206 feodum
2232 3165 2344 3204 Ducis
2361 3163 2451 3201 ultra

1458 3241 1628 3283 pontem.

1513 3296 1545 3330 8.
1579 3297 1714 3331 Comes
1752 3305 1810 3329 res
1846 3291 2027 3342 Episcopi
2056 3287 2248 3327 custodire
2281 3284 2390 3323 debet
2413 3290 2450 3319 ut

1459 3368 1543 3391 suas
1572 3354 1757 3404 proprias.
1781 3353 1816 3390 si
1845 3352 1980 3402 aliquis
2010 3351 2056 3388 de
2077 3355 2263 3400 potestate
2290 3344 2370 3395 ejus
2388 3342 2449 3380 ali—
