2517 3920
331 228 427 265 1235
1092 235 1126 268 S.
1158 231 1409 268 BERNARDI
1440 231 1639 266 ABBATIS
2301 231 2398 270 1240

320 307 461 343 stolicae
485 306 776 356 indignationis?
803 308 983 346 Nondum
1014 315 1128 356 enim,
1162 311 1232 356 ait,
1263 307 1502 344 rc—³’⁷'⁴³suum
1521 315 1617 343 esset
1636 304 1823 355 quispiam
1843 304 2079 349 retinuisset,
2099 305 2339 353 dividebatur,
2359 317 2399 345 ut

319 371 461 402 sticisiis
484 380 599 415 usque
612 370 667 403 acl
680 374 899 418 sanguinem
919 378 943 407 ¹.
960 374 1041 407 Iino
1058 370 1137 419 jam
1156 370 1200 406 ad
1222 368 1326 418 ejus—
1344 368 1370 401 A
1393 367 1577 416 scriptum
1597 374 1674 411 est,
1696 367 1865 413 nugalis,
1882 374 1993 413 prout
2018 369 2152 413 cuique
2175 380 2267 414 opus
2292 368 2398 404 erat‘:

321 425 407 462 dem
440 426 617 464 terribilis
641 429 752 466 valde
781 431 1085 468 comminationis
1114 431 1325 467 tonitruum
1394 441 1471 464 non
1492 427 1607 476 igitur
1620 425 1723 476 quod
1744 425 1905 475 quisque
1922 425 2120 475 pueriliter
2140 426 2277 475 gestire
2296 437 2401 477 pote-

322 500 389 523 cur
410 500 487 523 non
509 490 836 538 expergiscimini?
861 492 950 529 Cum
978 495 1158 536 (liz-erint,
1181 491 1324 540 inquit,
1395 496 1452 524 rat
1472 493 1499 524 Π.
1522 490 1618 524 Sane
1640 485 1704 523 ubi
1728 494 1875 522 tantum
1891 485 1996 535 quod
2019 499 2116 535 opus
2137 494 2217 522 erat
2236 487 2399 537 accipie-

322 548 412 582 Pax
428 556 464 583 et
475 554 654 585 securitas
669 565 682 594 ‚·
698 560 783 586 time
802 558 1012 600 repentinus
1028 557 1080 588 eis
1098 556 1328 602 superveniet
1394 548 1525 594 batur,
1547 548 1597 584 ibi
1624 548 1716 584 nihil
1741 547 1874 597 procul
1900 545 2018 583 dubio
2040 547 2205 583 otiosum
2224 547 2401 585 admitte-

325 611 507 653 iuteritas,
523 614 619 645 sicut
631 612 738 647 dolor
756 614 792 647 ιή
818 622 918 648 utero
933 612 1114 658 habentis,
1134 621 1169 648 et
1185 627 1257 648 non
1281 610 1332 659 ef-
1399 609 1511 646 batur
1540 623 1547 644 τ
1576 617 1721 658 quanto
1751 608 1868 657 magis
1897 608 1988 644 nihil
2022 608 2242 644 curiosum?
2263 617 2404 659 quanto

319 665 473 715 fitgient
504 676 528 706 ².
559 671 727 708 Delicata
760 673 870 710 nimis
900 674 1087 711 medicina
1118 682 1195 719 est,
1228 674 1333 723 prius
1400 670 1518 719 magis
1531 668 1873 718 nihilsuperlmm?
1893 671 2018 714 Quod,
2034 668 2286 718 inquit,0pus
2305 679 2406 714 erat,-

328 727 493 777 alligari,
521 743 633 778 quam
662 733 873 778 vulnerari3
896 734 1110 771 membrum
1135 747 1213 771 non
1246 747 1334 783 per-
1398 731 1471 767 hoc
1492 738 1546 766 est
1566 738 1751 779 quantum
1781 728 1828 765 ad
1850 728 2092 775 indumenta,
2112 728 2215 778 quod
2234 737 2272 766 et
2291 730 2407 766 nudi-

327 801 479 825 cussum
502 790 700 840 plangere;
724 802 760 829 et
784 794 943 831 necdum
969 803 1146 844 suscepto
1167 794 1243 830 ictu
1267 793 1334 829 ad-
1401 799 1514 827 tatem
1539 798 1701 839 tegeret,
1730 798 1766 826 et
1796 790 1911 839 frigus
1940 790 2154 839 repelleret.
2174 793 2338 827 Putasne
2357 790 2408 828 ibi

329 861 484 885 movere
502 863 674 897 manum,
693 853 822 890 fovere
847 863 1043 903 unguento
1067 854 1133 891 ubi
1155 867 1233 890 non
1261 854 1333 890 do—
1401 852 1578 900 cuiquam
1605 849 1857 899 galabrunum
1880 858 1945 886 aut
1974 850 2238 887 isembrunum
2259 852 2275 866 *
2302 864 2408 901 quae-

328 906 396 948 let,
420 909 665 957 emplastrum
688 911 868 948 adhibere
885 912 950 948 ubi
968 926 1110 949 caesura
1128 925 1204 949 non
1224 920 1290 948 est.
1401 910 1555 947 rebatur
1586 910 1633 946 ad
1661 910 1921 956 induendum3
1949 911 2126 959 cuiquam
2157 910 2409 949 ducentorum

383 966 446 1003 23.
465 968 523 1004 Ad
549 968 839 1007 discernendum
871 972 1007 1008 deinde
1038 973 1139 1009 inter
1159 985 1270 1009 sanos
1298 979 1335 1007 et
1401 971 1611 1008 solidorum
1633 970 1735 1006 mula
1752 969 1961 1020 parabatur
1978 970 2023 1007 ad
2041 970 2317 1020 equitandum?
2334 975 2411 1009 Pu-

329 1026 425 1061 male
442 1025 646 1074 habentes,
666 1029 821 1067 baculos
844 1032 881 1067 in
905 1031 1080 1069 manibus
1099 1040 1254 1082 portare
1267 1030 1333 1080 ju-
1402 1040 1527 1077 tasne,
1548 1031 1706 1080 inquam
1721 1059 1730 1075 ,
1759 1029 1972 1080 cujuspiam
2002 1030 2055 1067 ibi
2086 1031 2267 1067 lectulum
2296 1044 2411 1081 oper-

330 1084 469 1122 bentur
485 1097 711 1137 aegrotantes
724 1120 733 1137 ,
751 1092 864 1141 plane
884 1093 1115 1130 necessarios
1134 1108 1140 1130 :
1160 1101 1201 1129 ut
1221 1105 1334 1142 quam
1358 1090 1383 1122 R
1405 1092 1545 1128 torium
1577 1091 1760 1127 cattinum
1790 1091 1808 1109 *
1821 1119 1830 1136 ,
1862 1098 1926 1127 aut
1958 1089 2125 1126 discolor
2149 1089 2371 1127 barricanus
2395 1090 2414 1109 *

330 1147 454 1194 pallor
474 1147 512 1183 in
529 1149 656 1194 vultu,
676 1152 890 1202 maciesque
908 1167 985 1190 non
1003 1154 1162 1199 indicat,
1181 1152 1340 1190 baculus
1405 1150 1623 1202 operiebat,
1660 1150 1726 1187 ubi
1764 1151 1923 1200 singulis
1959 1149 2203 1187 dividebatur
2245 1159 2389 1188 tantum
2403 1180 2412 1198 ,

331 1215 546 1245 sustentans
567 1211 773 1248 mentiatur
790 1213 1102 1251 invaletudinem.
1124 1213 1316 1251 Ridendas
1329 1242 1339 1259 ,
1405 1220 1522 1261 prout
1542 1211 1678 1261 cuique
1695 1224 1792 1261 opus
1806 1212 1907 1247 erat?
1923 1214 2008 1248 Non
2025 1210 2103 1247 illic
2123 1210 2290 1247 arbitror
2305 1211 2415 1248 valde

331 1279 379 1302 an
411 1268 593 1317 lugendas
626 1271 786 1310 dixerim
820 1274 1040 1323 hujusmodi
1068 1275 1256 1326 ineptias?
1281 1274 1340 1311 Sic
1406 1280 1581 1309 curatum
1611 1272 1724 1308 fuisse
1754 1270 1800 1307 de
1820 1271 1963 1321 pretio,
1988 1270 2034 1307 de
2064 1270 2216 1317 colore,
2237 1270 2284 1307 de
2313 1271 2416 1307 cultu

330 1328 516 1392 Macarius
534 1330 650 1367 vixit?
664 1332 715 1370 sic
730 1334 889 1371 Basilius
905 1335 1061 1372 docuit?
1077 1336 1129 1372 sic
1146 1333 1338 1373 Antonius
1404 1333 1720 1370 vestimentorum
1736 1363 1745 1379 ,
1764 1332 1828 1369 ubi
1847 1340 1923 1368 tam
1944 1331 2178 1368 indefessum
2197 1332 2319 1368 inerat
2337 1323 2417 1369 stu-

329 1388 518 1426 1nstituit?
533 1389 585 1426 sic
607 1401 734 1442 patres
752 1394 788 1430 in
808 1398 974 1445 AEgypto
995 1395 1208 1432 conversati
1228 1395 1340 1431 sunt?
1406 1394 1509 1431 dium
1525 1394 1565 1430 in
1582 1393 1788 1431 concordia
1804 1406 1954 1429 morum
1967 1422 1976 1439 ,
1990 1392 2207 1429 animorum
2221 1391 2418 1429 cohaeren-

333 1448 385 1485 sic
406 1448 570 1499 denique
591 1454 709 1490 sancti
725 1454 829 1500 Odo,
852 1456 1033 1502 Maiolus,
1057 1456 1187 1503 odilo,
1205 1461 1316 1508 Hugo
1330 1487 1339 1504 ,
1408 1454 1458 1491 tia
1471 1484 1479 1500 ‚
1500 1455 1753 1505 profectuque
1772 1453 1972 1490 virtutum.
1991 1454 2265 1497 Multitudinis,
2282 1452 2418 1502 inquit,

332 1522 428 1557 (IUOS
452 1523 491 1547 56
510 1512 567 1548 SUi
590 1510 721 1564 Utique
740 1515 895 1553 Ordinis
917 1517 1109 1567 principes
1129 1525 1166 1554 et
1195 1531 1342 1567 praecea
1409 1517 1635 1551 credentium
1654 1523 1736 1551 erat
1751 1528 1813 1550 cor
1833 1528 1961 1557 mmm,
1986 1523 2023 1549 et
2042 1517 2176 1549 anima
2197 1526 2272 1549 ima
2294 1511 2320 1550 ⁵.

332 1578 462 1619 ptores
500 1572 640 1610 habere
671 1575 904 1624 gloriantur,
933 1586 998 1614 aut
1024 1586 1249 1623 tenuerunt,
1278 1586 1344 1614 aut
1465 1575 1526 1612 25.
1548 1574 1625 1614 Ubi
1650 1589 1752 1612 nunc
1772 1574 1867 1611 illud
1893 1573 2154 1611 unanimitatis
2173 1572 2421 1610 exercitium?

335 1632 456 1668 teneri
493 1637 746 1672 censuerunt?
776 1636 848 1674 Sed
880 1637 917 1674 hi
956 1651 1109 1683 omnes,
1144 1638 1174 1675 si
1206 1639 1342 1684 sancti3
1411 1636 1499 1674 Fusi
1519 1649 1648 1672 sumus
1669 1635 1855 1681 exterius,
1877 1643 1915 1671 et
1935 1634 1982 1671 de
1999 1647 2118 1683 regno
2144 1633 2215 1671 Dei
2235 1632 2339 1683 quod
2359 1633 2420 1669 in-

334 1689 411 1727 imo
432 1692 520 1741 quia
537 1695 656 1731 sancti
678 1696 850 1744 fuerunt,
872 1711 892 1734 a
910 1707 1041 1735 sancto
1061 1700 1248 1748 Apostolo
1267 1712 1343 1735 non
1414 1705 1471 1733 tra
1490 1710 1560 1734 nos
1580 1705 1658 1741 est,
1684 1696 1824 1733 relictis
1849 1695 1947 1732 veris
1969 1709 2012 1732 ac
2037 1693 2273 1745 perennibus
2294 1692 2421 1740 bonis,

334 1750 612 1802 dissenserunt,
630 1757 695 1806 qui
716 1758 895 1795 nimirum
912 1759 964 1796 ita
983 1760 1154 1809 loquitur
1172 1774 1179 1796 :
1197 1759 1346 1796 Haben·
1414 1757 1505 1794 foris
1525 1757 1732 1806 quaerimus
1759 1770 1896 1793 vanam
1919 1756 2220 1792 consolationem
2244 1754 2290 1791 de
2313 1754 2423 1791 vani-

334 1824 387 1850 tes
403 1820 540 1851 victum
559 1825 594 1852 et
612 1823 801 1862 vestitam,
824 1820 880 1855 liis
902 1825 1065 1856 contenti
1078 1834 1204 1857 samus
1222 1819 1247 1856 3.
1267 1824 1347 1858 No—
1415 1817 1556 1855 tatibus
1578 1826 1615 1854 et
1631 1817 1787 1854 insaniis
1805 1816 1904 1854 falsis
1926 1831 1933 1853 :
1958 1830 2000 1853 ac
2014 1815 2092 1865 J'am
2110 1815 2303 1865 religionis
2323 1814 2422 1852 anti-

335 1874 394 1911 bis
421 1884 547 1912 autem
576 1885 632 1914 est
648 1891 720 1927 pro
746 1879 850 1915 victu
877 1880 1045 1926 satietas,
1068 1893 1137 1918 nec
1163 1881 1341 1918 vestitum
1363 1880 1389 1917 C
1409 1891 1495 1928 quae
1527 1892 1605 1915 non
1639 1878 1761 1915 solum
1797 1878 1977 1914 virtutem
2011 1876 2223 1922 amisimus,
2255 1875 2321 1913 sed
2350 1887 2419 1911 nec

335 1935 572 1985 appetimus,
595 1937 661 1973 sed
678 1947 868 1975 ornatum.
1410 1938 1574 1989 speciem
1596 1938 1815 1974 retinemus.
1837 1941 1934 1975 Ecce
1955 1937 2057 1974 enim
2079 1936 2160 1986 ipse
2179 1935 2330 1973 habitus
2346 1948 2419 1972 no-

1411 2007 1487 2035 ster
1506 1997 1625 2048 (quod
1648 2006 1684 2034 et
1706 1997 1840 2034 dolens
1860 1996 1982 2048 dico),
2004 1996 2070 2046 qui
2094 1994 2317 2033 humilitatis
2341 2008 2420 2032 esse

712 2057 889 2097 CAPUT
918 2059 969 2097 X.
1411 2058 1557 2096 solebat
1576 2058 1743 2108 insigne,
1766 2071 1786 2094 a
1814 2057 2010 2094 monachis
2031 2056 2216 2106 temporis
2241 2056 2362 2093 nostri
2382 2055 2418 2092 in

1412 2119 1560 2169 signum
1588 2126 1758 2169 gestatur
1786 2116 1988 2167 superbiae.
2017 2116 2089 2154 Vix
2111 2115 2189 2165 jam
2212 2116 2252 2152 in
2284 2114 2421 2152 nostris

395 2181 536 2212 Vestium
553 2188 697 2214 ornatum
712 2182 882 2225 luxumque
899 2184 931 2214 in
947 2183 1062 2215 eisdem
1078 2185 1285 2226 persequitur.
1413 2179 1622 2230 provinciis
1655 2177 1873 2215 invenimus
1886 2207 1896 2225 ,
1934 2190 2013 2227 quo
2044 2176 2175 2214 vestiri
2209 2175 2419 2226 dignemur.

1412 2240 1520 2277 Miles
1540 2249 1577 2277 et
1599 2239 1810 2276 monachus
1832 2252 1879 2275 ex
1899 2238 2034 2275 eodem
2056 2250 2186 2288 panno
2206 2237 2422 2287 partiuntur

393 2295 455 2331 24.
473 2296 666 2344 Quaeritur
689 2296 736 2334 ad
762 2297 1019 2345 induendum,
1039 2311 1117 2335 non
1143 2298 1248 2348 quod
1274 2299 1345 2335 uti-
1414 2300 1484 2338 sibi
1501 2301 1687 2337 cucullam
1710 2309 1747 2337 et
1765 2299 2019 2349 chlamydem.
2043 2298 2175 2347 Quivis
2197 2297 2245 2335 de
2265 2297 2422 2343 saeculo,

341 2355 431 2401 lius,
451 2356 515 2393 sed
544 2357 648 2406 quod
671 2357 844 2395 subtilius
871 2359 1118 2396 inveniatur:
1139 2373 1218 2396 non
1241 2359 1346 2409 quod
1413 2361 1697 2411 quantumlibet
1730 2361 1963 2407 honoratus,
1990 2359 2137 2396 etiamsi
2163 2372 2252 2405 rex,
2279 2357 2423 2395 etiamsi

341 2417 500 2466 repellat
521 2418 655 2467 frigus,
680 2418 746 2455 sed
767 2419 871 2469 quod
892 2419 1091 2470 superbire
1108 2421 1313 2471 compellat
1337 2435 1345 2456 z
1414 2422 1626 2472 imperator
1648 2421 1711 2458 ille
1741 2421 1873 2466 fuerit,
1895 2434 1974 2458 non
1993 2429 2119 2457 tamen
2139 2427 2272 2457 nostra
2288 2418 2423 2456 horre-

340 2491 418 2514 non
462 2478 626 2528 denique
655 2478 766 2528 juxta
797 2481 980 2530 Regulam
995 2510 1004 2527 ,
1041 2498 1054 2513 α
1083 2481 1189 2530 quod
1234 2482 1348 2519 vilius
1414 2480 1470 2518 bit
1484 2481 1708 2519 indumenta
1723 2511 1732 2528 ,
1749 2482 1779 2518 si
1795 2494 1865 2518 suo
1886 2480 1955 2518 sibi
1974 2479 2091 2516 modo
2111 2486 2323 2530 praeparata
2339 2477 2423 2515 fue·

344 2556 358 2571 »
379 2539 592 2589 comparari
624 2548 750 2590 potest
769 2540 783 2567 4
806 2570 815 2587 ,
846 2558 860 2573 u
890 2540 956 2577 sed
991 2540 1095 2590 quod
1126 2542 1345 2587 venustius,
1414 2543 1491 2580 rint
1511 2551 1549 2580 et
1565 2551 1704 2593 aptata.

339 2600 416 2635 imo
435 2600 571 2636 vanius
593 2601 786 2638 ostentari.
800 2605 884 2638 Heu
905 2615 964 2638 me
979 2602 1159 2639 miserum
1180 2603 1347 2652 qualem-
1468 2604 1529 2641 26.
1550 2606 1737 2642 Caeterum
1754 2603 1792 2639 in
1815 2601 1947 2639 habitu
1961 2630 1970 2648 ‚
1991 2600 2121 2651 inquis
2134 2629 2143 2646 ,
2163 2613 2242 2637 non
2258 2607 2315 2637 est
2333 2598 2422 2636 reli-

342 2673 504 2710 cumque
525 2661 774 2698 monachum!
800 2675 868 2698 cur
894 2662 1018 2699 adhuc
1041 2663 1129 2699 vivo
1149 2662 1281 2699 videre
1303 2663 1349 2699 ad
1369 2667 1401 2701 D
1415 2665 1496 2714 gio,
1518 2664 1583 2701 sed
1599 2664 1638 2700 in
1661 2663 1790 2700 corde.
1814 2667 1928 2700 Bene.
1944 2665 1994 2699 At
2010 2670 2051 2698 tu
2067 2660 2223 2711 quando
2239 2659 2423 2697 cucullam

343 2720 381 2756 id
402 2720 597 2758 devenisse
618 2722 799 2759 Ordinem
823 2731 996 2760 nostrum
1010 2753 1019 2769 ,
1041 2723 1224 2762 Ordinem
1248 2724 1350 2760 scili-
1418 2732 1616 2773 empturus
1638 2724 1774 2760 lustras
1798 2721 1934 2768 urbes,
1958 2722 2040 2758 fora
2059 2720 2216 2766 circuis,
2237 2717 2424 2769 percurris

344 2789 403 2817 cet
424 2783 488 2831 qui
508 2784 654 2832 primus
674 2784 743 2820 fuit
764 2784 802 2820 in
822 2785 1010 2831 Ecclesia,
1029 2785 1106 2821 imo
1130 2798 1150 2821 a
1172 2798 1249 2834 quo
1270 2798 1349 2821 coe—
1419 2784 1628 2830 nundinas,
1653 2783 1789 2820 domos
1809 2782 1988 2819 scrutaris
2012 2780 2313 2831 negotiatorum,
2328 2790 2433 2819 cunr

346 2841 400 2889 pit
424 2843 606 2889 Ecclesia3
628 2857 705 2893 quo
726 2844 853 2881 nullus
873 2844 910 2881 in
935 2853 1035 2881 terra
1055 2845 1216 2882 similior
1233 2858 1351 2894 ange·
1419 2854 1516 2883 ctam
1544 2845 1683 2882 evertis
1713 2845 1950 2893 singulorum
1971 2841 2243 2892 supellectilem
2257 2869 2267 2887 ‚
2288 2839 2423 2889 ingen-

344 2900 423 2936 licis
444 2901 660 2948 ordinibus,
683 2904 809 2940 nullus
832 2904 994 2941 vicinior
1018 2905 1051 2942 ei
1078 2918 1162 2954 quae
1191 2905 1230 2941 in
1250 2905 1353 2942 coelis
1421 2915 1474 2943 tes
1486 2906 1652 2956 explicas
1666 2905 1840 2941 cumulos
1854 2909 2278 2954 pannoruni‚att1·ectas
2291 2897 2424 2948 digitis,

346 2968 402 2995 est
426 2962 633 2997 Jerusalem
657 2971 776 2999 mater
805 2972 953 3009 nostra,
985 2964 1063 3001 sive
1096 2964 1146 3001 ob
1174 2964 1350 3001 decorem
1420 2966 1602 3004 admoves
1644 2965 1784 3012 oculis,
1819 2965 1908 3002 solis
1949 2962 2113 3015 apponis
2150 2960 2255 2998 radio
2264 2975 2274 3007 3
2311 2956 2424 3008 quid-

346 3019 549 3065 castitatis,
572 3021 650 3057 sive
673 3031 831 3071 propter
852 3024 1043 3061 charitatis
1062 3024 1260 3070 ardorem3
1286 3038 1353 3061 cu-
1420 3026 1513 3077 quid
1540 3040 1712 3076 grossum
1727 3055 1736 3073 ,
1765 3024 1952 3075 quidquid
1983 3022 2168 3074 pallidum
2197 3018 2424 3064 occurrerit,

341 3078 406 3131 jus
426 3080 598 3133 Apostoli
618 3080 876 3127 institutores,
894 3083 1001 3133 cujus
1021 3085 1080 3131 hi,
1098 3098 1194 3134 quos
1215 3086 1353 3122 Paulus
1420 3086 1591 3136 respuis;
1618 3086 1647 3123 si
1675 3085 1767 3136 quid
1797 3094 1923 3122 autem
1951 3083 2008 3121 sui
2037 3082 2204 3132 puritate
2233 3094 2276 3117 ac
2305 3078 2426 3115 nitore

347 3148 423 3176 tam
443 3152 543 3189 saepe
563 3149 713 3177 sanctos
734 3142 920 3190 appellat,
943 3144 1184 3181 inchoatores
1204 3146 1354 3182 exstite-
1420 3146 1625 3196 placuerit,
1648 3145 1741 3182 illud
1767 3159 1857 3181 mox
1880 3141 2121 3194 quantolibet
2140 3139 2265 3191 pretio
2293 3136 2425 3186 satagis

349 3201 466 3237 runt?
496 3203 542 3237 Et
572 3200 725 3249 quidem
758 3202 857 3238 inter
891 3203 975 3239 illos
1007 3218 1091 3241 cum
1123 3205 1215 3242 nihil
1249 3206 1353 3255 quod
1422 3206 1489 3242 tibi
1518 3205 1682 3242 retinere
1709 3220 1716 3241 :
1746 3217 1839 3253 rogo
1862 3213 1919 3249 te,
1942 3217 1988 3240 ex
2010 3201 2124 3239 corde
2149 3200 2237 3238 facis
2255 3199 2357 3242 haec,
2378 3207 2425 3233 an

397 3335 403 3349 ¹
430 3329 525 3360 lrlebr.
546 3341 611 3366 κη,
631 3332 660 3360 3.
677 3348 719 3351 ——
736 3329 901 3361 21'1‘hoss.
919 3342 950 3363 v.
973 3334 1002 3361 3.
1025 3350 1063 3353 —
1080 3330 1093 3353 ³
1115 3336 1127 3363 I
1145 3333 1227 3364 Tim.
1247 3346 1296 3371 w,
1319 3338 1349 3365 8.
1369 3354 1411 3357 -ψ
1433 3335 1440 3360 l
1461 3339 1537 3376 Reg.
1559 3338 1589 3366 S.
1615 3331 1791 3365 Benedicti.
1814 3343 1882 3374 cap.
1907 3336 1959 3362 ὁὸ.
1979 3351 2018 3354 —
2039 3329 2051 3352 ⁵
2068 3333 2140 3362 Aci.
2160 3340 2205 3366 w,
2228 3327 2284 3365 38}
2305 3329 2359 3359 32.

395 3394 407 3411 λ
427 3388 513 3419 Alias
526 3414 531 3420 .
552 3396 686 3431 goslari&
