2517 3936
700 212 762 279 S.
813 214 1238 285 BERNARDI
1294 216 1637 294 ABBATIS

187 375 436 569 DE
580 438 1636 589 DILIGENDO
1764 459 2139 602 DEo

775 747 964 795 LIBER
1003 748 1126 800 SEU
1162 751 1559 805 TRACTATUS

318 933 390 973 AD
422 934 783 975 HAIMERICUM
816 936 856 975 S.
898 936 946 974 R.
978 937 1024 975 E.
1066 937 1419 980 CARDINALEM
1459 943 1529 981 ET
1566 944 1996 992 CANCELLARIL'M.

536 1136 1804 1170 ψ

485 1406 745 1442 PRAEFATIO
752 1432 760 1441 .

116 1522 210 1560 Viro
229 1523 369 1561 illustri
389 1523 547 1561 domino
578 1527 825 1572 Hammuco,
852 1524 1021 1561 ecclesiae
1046 1528 1128 1562 Ro—

169 1597 292 1622 manae
324 1585 488 1623 diacono
527 1585 711 1622 cardinali
736 1615 746 1633 ,
784 1594 822 1623 et
862 1586 1091 1623 cancellario
1117 1616 1126 1633 ,

167 1647 398 1683 Bssmunnus
443 1644 562 1683 abbas
603 1646 727 1684 dictus
776 1646 823 1684 de
863 1647 1127 1693 Clara-Valle,

164 1707 333 1744 Domino
351 1707 501 1755 vivere,
523 1716 560 1744 et
578 1707 617 1744 in
637 1707 804 1745 Domino
826 1708 937 1745 mori.

166 1827 371 1865 Orationes
400 1841 422 1864 a
448 1840 532 1874 me,
552 1836 590 1865 et
618 1841 697 1865 non
716 1828 947 1878 quaestiones
967 1841 1127 1879 poscere

112 1886 292 1924 solebatis
316 1902 324 1925 ε
344 1895 382 1924 et
401 1887 558 1938 quidem
581 1901 651 1938 ego
674 1888 721 1925 ad
741 1897 921 1926 neutrum
942 1889 1126 1926 idoneum

112 1960 174 1984 me
195 1960 276 1985 esse
293 1947 460 1985 confido.
478 1952 621 1986 Verum
647 1948 743 1986 illud
767 1949 902 1986 indicit
920 1949 1125 2000 professio,

111 2007 181 2045 etsi
211 2021 291 2045 non
320 2008 374 2045 ita
400 2009 642 2046 conversatio
665 2024 672 2046 :
703 2010 750 2046 ad
775 2009 849 2046 hoc
869 2008 990 2060 vero(
999 2018 1041 2046 ut
1060 2023 1126 2047 ve-

111 2081 197 2105 rum
219 2067 364 2119 fatear)
384 2081 428 2105 ea
449 2069 542 2106 mihi
562 2069 694 2106 deesse
710 2069 839 2115 video,
860 2083 945 2120 quae
960 2070 1126 2107 maxime

110 2128 323 2166 necessaria
343 2128 584 2176 viderentur,
606 2128 840 2179 diligentiam
857 2138 895 2166 et
912 2130 1121 2180 ingenium.
1143 2132 1172 2166 Β

108 2188 239 2226 Placet
253 2196 402 2235 tamen,
422 2189 558 2235 fateor,
581 2189 687 2240 quod
707 2203 780 2240 pro
805 2189 1020 2227 carnalibus
1043 2191 1124 2242 spi-

109 2247 259 2285 ritualia
281 2249 470 2299 repetitis,
489 2250 520 2287 si
540 2263 630 2287 sane
647 2250 750 2301 apud
772 2251 1063 2301 locupletiorem
1084 2252 1123 2289 id

108 2308 233 2346 facere
265 2308 452 2347 libuisset.
480 2310 578 2359 Quia
610 2324 703 2348 vero
736 2311 857 2357 doctis
887 2320 925 2349 et
957 2312 1123 2350 indoctis

107 2370 253 2419 pariter
280 2370 320 2407 in
347 2370 565 2408 istiusmodi
591 2371 797 2409 excusandi
825 2386 909 2410 mos
938 2381 1013 2419 est3
1050 2386 1122 2411 nec

107 2429 216 2467 facile
233 2431 365 2480 scitur,
384 2445 471 2482 quae
497 2445 589 2470 vere
609 2445 654 2469 ex
675 2432 867 2483 imperitia
880 2461 890 2479 ,
913 2446 1047 2484 quaeve
1075 2447 1121 2470 ex

105 2491 339 2529 verecundia
353 2493 549 2530 excusatio
573 2493 760 2544 prodeat,
786 2496 816 2530 si
848 2507 925 2530 non
957 2492 1122 2544 injuncti

107 2552 236 2602 operis
257 2552 429 2590 obeditio
448 2553 589 2604 probat
620 2569 627 2591 :
659 2554 819 2605 accipite
846 2554 893 2592 de
913 2568 997 2592 mea
1025 2568 1121 2605 pau-

106 2620 256 2662 pertate
280 2613 386 2662 quod
416 2612 567 2661 habeo,
597 2628 646 2652 ne
673 2614 835 2652 tacendo
863 2613 1121 2665 philosophus

106 2681 232 2722 puter.
268 2676 346 2710 Nec
376 2681 502 2711 tamen
532 2675 579 2712 ad
614 2675 744 2712 onmia
773 2674 946 2725 spondeo
976 2688 1036 2712 me
1064 2688 1120 2712 re-

105 2745 354 2782 sponsurum.
379 2733 438 2770 Ad
472 2734 511 2770 id
540 2735 665 2771 solum
695 2735 801 2785 quod
844 2735 891 2772 de
924 2735 1119 2786 diligendo

105 2795 190 2829 Deo
205 2792 374 2843 quaeritis
389 2822 399 2840 ,
421 2794 665 2845 respondebo
681 2795 786 2845 quod
802 2796 882 2845 ipse
900 2795 1016 2833 dabit.
1038 2800 1120 2833 Hoc

105 2853 207 2890 enim
231 2862 270 2891 et
289 2854 388 2904 sapit
409 2854 578 2902 dulcius,
597 2864 633 2892 et
658 2864 842 2893 tractatur
863 2858 1031 2895 securius
1051 2888 1060 2905 ,
1082 2866 1118 2895 et

106 2982 204 3012 vate.

154 3360 164 3375 ¹
183 3358 276 3387 Rom.
299 3359 405 3394 1,14.

1148 1344 1158 1349 ι

1164 1343 1176 1361 ω

1181 1343 1193 1361 <A

1574 1418 1750 1459 CAPUT
1780 1422 1813 1460 I.

1356 1530 1462 1569 Quare
1474 1555 1481 1567 ‚
1501 1537 1530 1562 et
1543 1534 1699 1573 quomodo
1714 1535 1884 1578 diligendus
1898 1537 1933 1572 sit
1948 1544 2041 1575 Deus.

1252 1647 1283 1682 1.
1317 1648 1438 1684 Vultis
1461 1662 1550 1699 ergo
1579 1665 1599 1687 a
1638 1666 1697 1690 me
1718 1655 1867 1704 audire,
1889 1674 2024 1709 quare,
2045 1674 2080 1702 et
2097 1681 2193 1717 quo-

1195 1706 1310 1743 modo
1339 1708 1551 1758 diligendus
1584 1712 1629 1749 sit
1654 1717 1782 1752 Deus?
1802 1720 1847 1754 Et
1876 1734 1946 1770 ego
1965 1737 1972 1759 :
1995 1727 2111 1764 Causa
2133 1729 2191 1766 di-

1194 1766 1334 1817 ligendi
1360 1773 1507 1817 Deum,
1541 1776 1643 1810 Deus
1671 1784 1748 1821 est3
1783 1779 1938 1827 modus,
1972 1785 2050 1822 sine
2077 1790 2191 1827 modo

1195 1826 1349 1877 diligere
1375 1829 1402 1866 *.
1431 1834 1546 1868 Estne
1576 1833 1648 1870 hoc
1680 1837 1792 1873 satis?
1823 1842 2002 1880 Fortassis
2034 1848 2162 1897 utique
2181 1879 2190 1896 ,

1193 1888 1259 1924 scd
1291 1890 1463 1940 sapienti.
1491 1894 1676 1931 Caeterum
1712 1897 1740 1933 si
1767 1906 1804 1934 et
1835 1899 2096 1951 insipientibus
2124 1909 2192 1946 de-

1193 1947 1298 1986 bitor
1316 1964 1398 1987 sum
1418 1959 1450 1998 ¹3
1473 1952 1537 1990 ubi
1557 1963 1613 1991 sat
1634 1964 1690 1992 est
1716 1957 1858 1996 dictum
1879 1963 2056 2012 sapienti,
2084 1969 2194 2006 etiam

1194 2010 1266 2048 illis
1287 2013 1475 2061 gerendus
1494 2028 1576 2052 mos
1594 2024 1660 2053 est.
1680 2021 1810 2068 Itaque
1827 2032 1987 2072 propter
2009 2028 2192 2068 tardiores

1193 2071 1294 2109 idem
1316 2073 1522 2123 profusius,
1545 2090 1658 2125 quam
1674 2079 1903 2128 profundius
1923 2094 2095 2134 repetere
2115 2103 2191 2127 non

1192 2132 1392 2181 gravabor.
1413 2134 1470 2172 Ob
1500 2135 1689 2186 duplicem
1711 2152 1801 2189 ergo
1822 2154 1971 2180 causam
1989 2149 2108 2184 Deum
2130 2149 2191 2186 di-

1189 2193 1310 2230 xerim
1336 2204 1497 2245 propter
1516 2209 1554 2233 se
1576 2197 1696 2247 ipsum
1716 2199 1946 2250 diligendum
1972 2217 1980 2239 τ
2008 2206 2086 2244 sive
2102 2211 2191 2258 quia

1190 2253 1282 2290 nihil
1304 2254 1465 2304 justius,
1497 2257 1574 2294 sive
1604 2259 1691 2308 quia
1724 2261 1777 2297 nil
1818 2262 2049 2303 fructuosius
2085 2268 2189 2319 diligi

1189 2323 1326 2365 potest.
1350 2319 1549 2368 Duplicem
1576 2319 1761 2369 siquidem
1789 2323 1887 2372 parit
1909 2338 2078 2374 sensum,
2103 2343 2186 2367 cum

1189 2377 1374 2426 quaeritur
1404 2378 1450 2415 de
1476 2383 1572 2425 Deo,
1599 2394 1667 2416 cur
1692 2381 1902 2431 diligendus
1931 2385 1988 2422 sit.
2012 2388 2186 2428 Dubitari

1189 2450 1355 2487 namque
1377 2447 1501 2489 potest
1523 2439 1615 2490 quid
1632 2442 1869 2491 potissimum
1890 2444 2100 2495 dubitetur3
2124 2459 2185 2487 ut-

1189 2510 1363 2534 rumnam
1378 2528 1386 2544 ,
1405 2513 1481 2548 quo
1502 2513 1570 2537 suo
1605 2501 1739 2538 merito
1756 2506 1876 2550 Deus,
1898 2513 1962 2541 aut
1985 2517 2086 2545 certe
2106 2523 2183 2559 quo

1188 2567 1320 2595 nostro
1335 2560 1381 2596 sit
1395 2560 1596 2597 commodo
1614 2561 1838 2610 diligendus.
1857 2566 1952 2602 Sane
1972 2567 2016 2603 ad
2036 2577 2183 2606 utrum-

1188 2631 1261 2668 que
1285 2619 1383 2656 idem
1408 2621 1688 2670 responderim3
1718 2635 1794 2658 non
1820 2624 1931 2673 plane
1956 2627 2064 2663 aliam
2092 2630 2181 2666 mihi

1187 2678 1338 2728 dignam
1354 2693 1552 2718 occurrere
1565 2694 1710 2718 causam
1733 2681 1911 2732 diligendi
1931 2684 2067 2734 ipsum,
2084 2701 2183 2738 prae-

1188 2747 1245 2775 ter
1270 2740 1408 2790 ipsum.
1433 2744 1479 2778 Et
1506 2741 1610 2791 prius
1631 2741 1677 2778 de
1698 2743 1831 2779 merito
1854 2744 2058 2784 videamus.
2080 2751 2180 2786 Mul-

1187 2807 1267 2836 tum
1294 2801 1435 2850 quippe
1462 2802 1600 2838 meruit
1627 2801 1672 2838 de
1691 2801 1821 2848 nobis,
1844 2804 1908 2853 qui
1929 2813 1965 2841 et
1984 2806 2182 2846 immeritis

1186 2858 1290 2895 dedit
1309 2873 1347 2896 se
1366 2860 1490 2909 ipsum
1511 2859 1631 2897 nobis.
1648 2861 1745 2909 Quid
1769 2862 1868 2899 enim
1888 2864 2019 2902 melius
2049 2879 2087 2903 se
2101 2868 2184 2918 ipso

55 2954 61 2959 ,
105 2913 261 2952 auditur
289 2915 432 2952 utilius.
462 2915 625 2966 Reliqua
646 2916 955 2967 diligentioribus
992 2932 1117 2956 reser-
1138 2929 1164 2966 C
1185 2927 1335 2969 poterat
1370 2920 1459 2956 dare
1490 2920 1548 2956 vel
1580 2920 1683 2969 ipse?
1714 2923 1814 2970 Ergo
1844 2922 1874 2958 si
1910 2923 1979 2960 Dei
2006 2926 2182 2963 meritum

1187 2979 1384 3028 quaeritur,
1405 2993 1488 3016 cum
1506 2980 1630 3029 ipsum
1651 2980 1830 3030 diligendi
1848 2995 1955 3020 causa
1976 2986 2157 3034 quaeritur
2170 3015 2181 3032 ,

1185 3038 1277 3075 illud
1301 3048 1355 3076 est
1384 3040 1618 3090 praecipuum
1648 3056 1655 3077 ε
1688 3042 1775 3091 quia
1803 3042 1884 3092 ipse
1917 3044 2022 3093 prior
2050 3045 2179 3082 dilexit

1185 3111 1266 3134 nos.
1290 3099 1434 3148 Dignus
1455 3100 1566 3149 plane
1587 3100 1650 3150 qui
1672 3101 1900 3148 redametur,
1922 3105 2126 3153 praesertim
2148 3105 2177 3141 si

1185 3157 1420 3205 advertatur,
1443 3159 1546 3208 quis,
1567 3173 1681 3208 quos,
1701 3169 1959 3210 quantumque
1985 3162 2173 3197 amaverit.

1184 3218 1277 3266 Quis
1298 3218 1424 3254 cuim?
1452 3222 1586 3255 Nonne
1610 3219 1639 3255 is
1670 3219 1729 3255 cui
1755 3220 1876 3255 omnis
1902 3220 2053 3269 spiritus
2083 3234 2173 3256 con-
