2517 3936
118 165 216 202 1505

769 168 913 203 LIBER
941 169 1006 203 DE
1035 169 1148 205 VITA
1178 169 1212 205 S.
1243 172 1522 208 MALACltlJ-z.

2078 188 2173 224 1506

112 241 323 286 Malaehiae,
345 249 386 277 ut
419 239 577 276 obedire
606 241 741 289 possit,
777 251 872 279 nutu
905 245 1090 293 signifieat
1105 244 1170 291 ,¹³⁰⁰
1185 246 1511 285 inenarrabilibus.
1532 252 1627 298 Quid
1648 254 1777 301 plura?
1795 259 1913 306 aperit
1938 261 2068 297 oculos
2088 276 2171 312 quae

113 301 307 351 paulisper
322 314 360 336 se
375 300 466 349 erigi
483 300 598 344 velle3
616 313 700 336 nam
718 301 836 337 verbo
852 316 927 339 non
951 314 1111 353 poterat.
1130 308 1160 340 A
1183 306 1302 342 suerat
1321 316 1467 343 mortua
1481 324 1489 354 3
1505 317 1558 353 et,
1581 319 1620 345 ut
1639 313 1759 348 solent
1774 316 1836 363 qni
1855 317 1900 353 de

112 360 302 409 Erigitur,
323 368 447 408 gustat
470 374 477 395 :
497 367 645 407 gustato
667 361 880 397 confortata
898 371 971 409 est,
991 365 1115 413 loqui-

113 428 174 456 tur
193 428 229 456 et
245 420 381 469 gratias
399 419 484 468 agit.
502 422 548 455 Et
564 419 719 455 immisit
734 421 920 457 Dominus
937 436 1114 471 soporem

111 480 149 516 in
167 493 270 526 eam,
287 488 324 516 et
338 480 557 516 suavissime
576 479 762 528 requievit
777 480 812 515 in
832 492 895 525 eo,
918 482 1025 530 cujus
1045 496 1111 519 usu

111 540 175 577 diu
204 549 397 585 caruerat,
419 541 515 576 sicut
540 548 577 576 ct
605 553 683 576 esu.
706 540 814 575 Stetit
845 540 996 577 interim
1027 555 1111 577 san-

109 599 213 648 guis,
238 607 275 635 ct
297 607 382 648 post
403 598 595 634 modicum
617 597 900 646 expergefacta,
923 611 1052 634 sanam
1075 611 1113 634 se

108 658 273 707 reperit,
296 657 367 694 nisi
394 657 498 707 quod
528 658 641 706 longa
669 656 818 701 inedia,
849 666 886 693 et
920 657 1112 705 sanguinis

109 719 321 756 minutione
334 719 457 756 adhuc
478 718 612 755 debilis
631 726 723 754 crat.
743 718 778 755 Si
800 718 1026 767 quominus,
1051 718 1111 754 die

107 779 279 829 sequenti
305 778 539 816 desideratus
558 777 752 815 Malachiae
771 777 958 814 adventus
979 790 1112 827 aspec-

108 846 243 889 tusque
261 837 430 888 perfecit.

434 964 611 1003 CAPUT
641 964 794 1004 XXIV.

104 1087 264 1119 Feminam
283 1087 350 1119 sine
368 1094 563 1119 sacramento
578 1090 733 1118 Extrema}
751 1085 916 1117 [notionis
935 1085 1114 1117 defunctam

521 1147 694 1173 resuscnat.

155 1260 218 1298 53.
246 1260 451 1298 Habitabat
467 1260 524 1297 vir
544 1259 682 1297 nobilis
711 1261 749 1296 in
770 1260 908 1297 vicinia
934 1261 1108 1297 Benchoe

101 1320 220 1357 rensis
237 1321 480 1365 monasterii,
501 1320 610 1369 cujus
626 1333 726 1357 uxor
745 1334 832 1357 cum
852 1321 1109 1358 infirmaretur

102 1380 149 1416 ad
169 1389 332 1417 mortem
346 1409 355 1425 ‚
378 1388 532 1429 rogatus
553 1380 754 1417 Malachias
774 1389 816 1416 ut
837 1380 1105 1424 descenderet,

101 1439 322 1489 priusquam
344 1448 580 1486 moreretur,
593 1440 784 1476 infirmam
803 1447 989 1476 uncturus
1007 1441 1105 1477 oleo.

99 1498 325 1545 Descendit,
344 1507 381 1535 et
399 1499 556 1535 intravit
572 1499 620 1536 ad
637 1513 719 1535 eam
738 1515 745 1536 z
768 1512 844 1548 quo
862 1499 945 1535 viso
957 1528 966 1544 ,
983 1501 1108 1537 exsul-

100 1565 153 1594 tat
184 1558 273 1604 illa,
307 1572 374 1609 spe
397 1559 563 1595 animata
591 1559 733 1596 salutis.
765 1561 812 1594 Et
840 1572 925 1594 cum
955 1569 1109 1608 pararet

99 1630 243 1667 ungere
273 1632 375 1664 eam,
398 1619 523 1655 visum
555 1628 610 1656 est
639 1618 818 1655 omnibus
852 1618 1110 1657 differendum

97 1677 226 1726 potius
243 1690 363 1727 usque
380 1691 505 1714 mane.
524 1681 614 1714 Erat
630 1678 731 1715 enim
752 1691 923 1728 vespera.
942 1680 1108 1729 Aequic-

99 1735 155 1772 vit
170 1736 384 1783 Malachias,
397 1745 434 1773 et
447 1736 535 1773 data
547 1737 813 1774 benedictione
828 1751 944 1787 super
957 1752 1108 1788 aegram,

1917 320 2018 365 gravi
2039 334 2172 358 somno

1183 366 1382 413 evigilant,
1402 367 1536 403 fricans
1558 368 1624 404 sibi
1648 372 1818 409 manibus
1836 364 1995 413 frontem
2017 388 2053 414 et
2075 388 2170 416 tem-

1184 437 1297 473 pora,
1320 438 1434 474 super
1464 427 1599 462 lectum
1631 441 1669 463 se
1697 431 1802 477 erigit
1818 462 1825 477 ,
1843 443 1875 470 et
1898 438 2023 482 agnito
2055 442 2170 476 Mala-

1182 483 1284 527 chia,
1307 485 1492 521 inclinans
1509 485 1645 522 devote
1662 489 1796 525 salutat
1816 505 1911 529 eum.
1929 498 1971 530 lit
1994 510 2098 533 verso
2118 500 2172 534 lu-

1182 551 1243 578 ctu
1264 544 1299 579 in
1323 544 1520 591 gaudium,
1539 553 1673 594 stupor
1689 550 1938 596 apprehendit
1963 568 2113 601 omues,
2134 568 2169 594 et

1180 603 1245 651 qui
1264 604 1465 647 viderunt,
1496 613 1532 640 et
1561 607 1624 654 qui
1654 607 1866 645 audierunt.
1895 613 1965 647 Sed
1994 623 2028 649 et
2054 617 2169 653 Mala-

1181 662 1280 698 cliias
1315 664 1451 711 gratias
1486 678 1618 711 agenS,
1656 665 1849 704 benedixit
1880 673 2096 710 Dominum.
2128 679 2172 711 lit

1179 722 1287 757 unxit
1315 736 1395 758 eam
1430 723 1693 771 nihilominus,
1715 727 1836 764 sciens
1871 729 1907 764 in
1942 730 2012 767 hoc
2043 736 2173 769 Sacra-

1180 790 1308 817 mento
1331 783 1470 818 remitti
1492 793 1662 832 peccata,
1680 794 1717 821 et
1735 787 1838 834 quod
1857 790 1977 825 oratio
1996 791 2082 828 fidei
2103 795 2174 828 sal-

1179 849 1242 877 vet
1262 841 1455 878 inlirmum
1482 849 1505 878 ¹.
1527 847 1613 880 Post
1632 844 1710 881 haee
1728 844 1817 881 abiit
1834 846 1915 893 illc,
1942 857 1978 884 et
1999 851 2060 887 illa
2080 865 2174 888 ron—

1180 900 1315 942 valuit;
1336 910 1371 937 et
1393 902 1524 938 vivens
1546 904 1743 940 incolumis
1770 913 1940 956 tempore
1959 909 2149 958 aliquanto
2163 942 2170 955 ‚

1180 968 1221 994 ut
1241 960 1359 1008 gloria
1380 962 1533 998 Domini
1555 965 1856 1001 manifestaretur
1872 967 1909 1002 in
1936 981 1996 1013 ca,
2022 980 2171 1019 peracta

1134 1021 1162 1054 B
1182 1021 1424 1068 poenitentia,
1444 1036 1555 1071 quam
1571 1024 1652 1060 'sibi
1669 1026 1866 1062 Malachias
1885 1026 2118 1076 injunxerat,
2136 1032 2171 1067 in

1182 1078 1283 1114 bona
1304 1081 1538 1117 consessione
1556 1083 1688 1119 iterum
1709 1084 1959 1132 obdormivit,
1981 1096 2017 1122 et
2034 1090 2171 1137 migra-

1181 1138 1234 1173 vit
1255 1138 1300 1174 ad
1322 1140 1542 1178 Dominum.

1505 1268 1677 1305 CAPIJT
1706 1268 1834 1306 ΧΧΧ.

1320 1387 1388 1417 Alia
1407 1386 1527 1418 diversa
1548 1388 1696 1419 beneficia
1712 1390 1740 1419 in
1761 1389 1897 1421 diversos
1911 1393 2030 1423 collata.

1232 1504 1294 1541 54.
1318 1506 1399 1543 Fuit
1425 1507 1511 1542 item
1536 1507 1691 1554 mulier,
1714 1508 1773 1544 eui
1794 1510 1946 1558 spiritus
1968 1511 2169 1550 iracundia?

1177 1573 1214 1600 et
1232 1565 1368 1602 furoris
1389 1567 1427 1602 in
1445 1575 1586 1603 tantum
1602 1568 1882 1615 dominaretur,
1898 1578 1938 1605 ut
1954 1583 2028 1606 non
2048 1572 2168 1608 solum

1176 1624 1289 1660 vicini
1310 1634 1345 1661 et
1369 1626 1517 1675 cognati
1546 1627 1717 1674 sugerent
1736 1629 1965 1664 consortium
1987 1628 2085 1677 ejus,
2106 1631 2171 1668 sed

1178 1683 1243 1719 filii
1260 1697 1412 1733 quoque
1430 1685 1546 1733 ipsius
1567 1685 1630 1720 vix
1651 1686 1879 1722 sustinerent
1898 1686 2065 1724 habitare
2086 1703 2170 1726 cum

1177 1755 1232 1779 ea.
1251 1744 1421 1789 Clamor,
1437 1752 1474 1780 et
1492 1758 1647 1789 rancor,
1662 1753 1697 1780 et
1715 1753 1914 1794 tempestas
1930 1747 2070 1793 valida,
2087 1748 2171 1785 ubi-

98 1796 216 1833 exivit
245 1810 331 1833 cum
362 1797 421 1834 his
441 1798 507 1847 qui
535 1811 664 1835 secum
684 1806 805 1835 erant.
827 1802 876 1835 At
899 1811 991 1835 vero
1023 1809 1112 1850 post
1132 1799 1158 1833 C
1179 1816 1340 1852 cumque
1362 1804 1502 1840 fuisset.
1523 1803 1678 1849 AudaX,
1700 1812 1736 1839 et
1755 1804 1909 1851 ardens,
1927 1814 1962 1841 et
1983 1819 2169 1858 praeceps,

97 1855 294 1893 modicum
314 1855 442 1894 subito
463 1858 608 1894 clamor
637 1858 756 1894 factus
777 1865 854 1903 est,
876 1858 1052 1907 planctus
1073 1868 1110 1896 et

97 1916 278 1966 strepitus
307 1917 450 1954 multus
476 1930 546 1967 per
576 1925 694 1954 totam
718 1917 897 1963 d0mum3
919 1918 1110 1967 siquidem

97 1975 268 2013 insonuit
287 1976 392 2026 quod
412 1986 564 2014 mortua
583 1985 692 2014 esset.
710 1978 886 2014 Accurrit
907 1978 1109 2016 Malachias

97 2037 265 2073 tumultu
293 2037 446 2083 audito,
478 2046 516 2074 et
545 2039 664 2075 secuti
693 2046 781 2074 sunt
813 2051 899 2074 eum
932 2039 1108 2089 discipuli

96 2095 191 2145 ejus.
212 2099 260 2133 Et
279 2097 463 2134 accedens
483 2098 531 2135 ad
552 2098 712 2144 lectum,
732 2106 773 2134 ut
793 2106 899 2134 certo
917 2100 1107 2149 comperit

97 2156 326 2207 exspirasse,
344 2167 610 2195 consternatus
630 2167 686 2195 est
710 2157 837 2195 animo
851 2188 860 2205 ,
883 2159 954 2195 sibi
974 2161 1106 2210 impu-

98 2224 202 2263 tans,
218 2217 322 2266 quod
352 2217 523 2254 fraudata
550 2218 669 2267 gratia
698 2219 931 2255 Sacramenti
954 2218 1104 2256 obierit.

97 2278 145 2312 Et
160 2277 315 2314 elevatis
336 2278 376 2314 in
396 2279 535 2315 coelum
552 2277 730 2314 manibus
743 2307 752 2323 ,
771 2295 786 2311 «
809 2277 977 2315 Obsecro
991 2308 1000 2325 ,
1021 2283 1105 2316 Do-

99 2352 114 2369 »
135 2336 258 2382 mine,
287 2337 431 2386 inquit,
461 2337 688 2387 insipienter
719 2338 902 2387 eghEgo,
921 2351 991 2387 ego
1019 2353 1106 2386 pec-

100 2412 115 2428 »
136 2396 237 2442 cavi,
258 2397 324 2445 qui
345 2397 493 2444 distuli3
515 2411 594 2434 non
614 2397 706 2444 ista,
728 2410 813 2446 quae
830 2397 962 2434 voluit.
981 2416 996 2431 »
1018 2402 1106 2435 Haec

99 2453 249 2502 dicens,
269 2465 502 2493 contestatus
532 2465 589 2493 est
619 2457 658 2492 in
691 2456 884 2492 audientia
906 2458 1078 2494 omnium
1095 2487 1104 2504 ,

99 2515 242 2551 nullam
272 2529 311 2552 se
339 2525 582 2566 recepturum
613 2516 939 2561 consolationem,
960 2517 1106 2553 nullam

1177 1863 1381 1899 metuenda
1400 1863 1526 1911 lingua
1554 1871 1591 1898 et
1618 1876 1751 1906 manu,
1774 1863 2021 1912 importabilis
2046 1867 2170 1902 omni-

1176 1922 1247 1959 bus
1261 1952 1270 1968 ,
1291 1923 1484 1959 et‘invisa.
1505 1922 1686 1958 Dolentes
1704 1922 1769 1957 lilii
1798 1930 1874 1958 tum
1895 1937 1964 1972 pro
1990 1924 2072 1971 illa,
2091 1934 2170 1962 tum

1175 1996 1246 2032 pro
1267 1982 1419 2033 seipsis,
1439 1982 1593 2018 trallunt
1613 1982 1713 2017 illam
1729 1981 1774 2017 ad
1796 1983 2033 2030 praesentiam
2051 1985 2169 2021 Mala-

1176 2042 1290 2088 chiae,
1325 2041 1608 2091 lacrymabilem
1645 2055 1729 2077 cum
1769 2041 1858 2077 fletu
1897 2043 2169 2090 querimoniam

1175 2102 1423 2151 deponentes.
1453 2102 1519 2138 Vir
1551 2109 1675 2137 autem
1709 2109 1860 2137 sanctus
1895 2110 1931 2137 et
1959 2103 2169 2151 periculum

1173 2163 1323 2208 matris,
1363 2170 1400 2198 et
1436 2160 1717 2197 incommodum
1765 2161 1943 2197 miserans
1982 2162 2167 2208 filiorum,

1173 2235 1343 2259 seorsum
1364 2221 1523 2257 advocat
1553 2220 1653 2256 illam
1681 2234 1688 2255 ε
1722 2220 1883 2255 fueritne
1903 2219 2070 2256 confessa
2098 2222 2167 2257 ali-

1173 2281 1326 2331 quando
1345 2289 1497 2330 peccata
1517 2293 1604 2325 sua,
1626 2279 1781 2315 sollicite
1808 2286 2063 2326 percontatur.
2090 2283 2166 2315 Re-

1174 2341 1346 2391 spondit,
1365 2359 1378 2372 «
1397 2344 1654 2388 Nequaquam.
1679 2338 1884 2382 Confitere,
1908 2354 1921 2369 »
1940 2337 2073 2386 inquit.
2097 2342 2165 2375 Pa-

1174 2409 1243 2436 ret.
1263 2403 1310 2436 Et
1337 2400 1399 2435 ille
1427 2398 1628 2446 injungens
1657 2395 1917 2445 poenitentiam
1950 2396 2164 2441 confitenti,

1174 2472 1363 2507 oransque
1391 2470 1503 2506 super
1532 2470 1634 2501 eam,
1653 2464 1695 2490 ut
1722 2454 1906 2491 Dominus
1926 2454 2164 2503 omnipotens

1174 2519 1238 2556 det
1255 2519 1288 2555 ei
1307 2518 1479 2567 spiritum
1511 2513 1825 2558 mansuetudinis,
1843 2513 1880 2548 in
1902 2513 2052 2548 nomine
2081 2516 2163 2549 Do-

99 2575 278 2613 daturum
294 2578 465 2627 requiem
481 2577 632 2627 spiritui
652 2590 740 2622 suo,
759 2577 849 2623 nisi,
871 2590 986 2626 quam
1009 2579 1108 2614 tule-
1123 2577 1156 2610 D
1175 2578 1267 2614 mini
1298 2581 1385 2613 Jesu
1420 2589 1465 2612 ne
1500 2575 1597 2611 ultra
1629 2574 1810 2609 irascatur
1836 2570 1955 2618 jubet.
1989 2571 2164 2620 Sequitur

98 2645 175 2683 rat,
197 2637 330 2674 liceret
354 2637 552 2673 restituere
579 2637 749 2686 gratiam.
779 2639 826 2672 Et
858 2645 961 2672 stans
992 2650 1108 2686 super

99 2709 203 2742 eam,
226 2705 304 2734 tota
337 2705 450 2733 nocte
480 2696 679 2733 laborabat
710 2697 748 2732 in
782 2696 924 2745 gemitu
947 2709 1037 2742 suo3
1070 2705 1108 2732 et

98 2768 170 2805 pro
192 2757 278 2793 oleo
299 2765 451 2802 sancto,
473 2757 581 2806 largo
598 2756 720 2792 imbre
740 2757 994 2804 lacrymarum
1016 2769 1107 2805 per-

99 2815 262 2853 fundens
283 2825 498 2862 mortuam,
517 2816 640 2852 vicem
666 2815 721 2852 illi
751 2815 962 2861 unctionis,
991 2828 1105 2864 quam

99 2873 251 2924 poterat
281 2874 497 2912 exhibebat.
530 2879 618 2925 Ipse
649 2874 804 2924 quidem
837 2874 907 2919 sic3
935 2874 981 2910 ad
1013 2887 1103 2910 suos

100 2941 225 2971 autem
245 2950 252 2971 :
275 2952 289 2967 α
311 2935 492 2984 Vigilate,
512 2954 525 2968 υ
541 2935 686 2984 inquit,
705 2952 720 2967 «
742 2943 779 2970 et
800 2942 918 2970 orate.
939 2950 953 2965 »
971 2937 1104 2982 Itaque

100 2993 140 3030 in
160 2995 315 3043 psalmis
337 2995 409 3040 illi,
430 2995 494 3032 ille
510 2996 549 3031 in
570 2994 746 3044 lacrymis
759 3023 768 3040 ,
787 3002 938 3030 noctem
961 2993 1104 3029 duxere

101 3053 335 3103 pervigilem.
357 3057 404 3090 Et
429 3067 540 3091 mane
570 3055 668 3090 facto
681 3082 689 3098 ,
709 3053 902 3089 exaudivit
920 3052 1107 3089 Dominus

102 3121 275 3150 sanctum
289 3126 419 3160 suum,
437 3113 525 3163 quia
543 3113 697 3163 spiritus
714 3111 869 3149 Domini
885 3120 965 3147 erat
979 3120 1110 3160 postu-

101 3173 184 3209 lans
202 3186 274 3222 pro
293 3185 340 3209 eo
353 3201 362 3218 ,
383 3172 449 3222 qui
465 3173 634 3223 postulat
655 3184 726 3221 pro
748 3171 885 3206 sanetis
907 3169 1108 3219 gemitibus

155 3296 165 3312 ¹
183 3292 296 3323 Jacobi
312 3302 345 3330 v,
371 3295 428 3329 14,
453 3296 504 3323 15.
523 3311 563 3314 ——
584 3298 595 3312 2
613 3296 707 3323 Rom.
735 3302 804 3324 ιμ’,
827 3294 855 3320 5.

266 3362 357 3386 ΤΟῒιῐ.
391 3364 435 3386 11.

1175 2647 1277 2674 tanta
1298 2634 1546 2672 mansuetudo
1560 2663 1568 2679 ,
1586 2642 1627 2669 ut
1649 2640 1772 2681 pateat
1793 2629 1968 2665 omnibus
1989 2643 2065 2666 non
2086 2644 2165 2667 esse

1174 2697 1276 2734 aliud
1290 2726 1298 2741 ,
1322 2709 1434 2745 quam
1457 2692 1712 2731 admirabilem
1734 2690 1979 2726 mutationem
2000 2689 2163 2725 dexterae

1173 2756 1331 2791 Excelsi.
1363 2758 1498 2792 Fertur
1526 2752 1647 2788 adhue
1676 2749 1786 2785 hodie
1814 2748 1963 2792 vivere,
1994 2755 2030 2783 et
2054 2756 2164 2784 tantae

1174 2829 1254 2852 esse
1270 2815 1460 2864 patientiae
1489 2821 1525 2848 et
1554 2810 1715 2847 lenitatis
1728 2837 1737 2853 ,
1755 2816 1797 2844 ut
1816 2820 1899 2855 quae
1921 2819 2051 2843 omnes
2076 2819 2164 2843 exa-

1171 2888 1322 2926 sperare
1337 2873 1499 2915 solebat,
1517 2871 1628 2907 nullis
1645 2868 1758 2905 modo
1773 2866 1986 2915 exasperari
2005 2866 2162 2911 damnis,

1172 2934 1426 2977 contumeliis,
1446 2928 1712 2968 afflictionibus
1728 2934 1852 2975 queat.
1875 2925 1911 2961 Si
1928 2924 2014 2960 licet
2034 2933 2069 2960 et
2090 2938 2161 2967 me,

1169 2994 1280 3043 juxta
1295 2992 1517 3041 Apostolum
1531 3019 1539 3034 ,
1558 2986 1751 3024 abundare
1768 2985 1806 3020 in
1827 2996 1938 3020 sensu
1958 2996 2042 3018 meo
2065 2988 2090 3027 ²,
2108 2995 2164 3017 ae.-

1177 3052 1294 3101 cipiat
1330 3051 1488 3098 quisque
1520 3056 1562 3082 ut
1593 3046 1714 3090 volet3
1747 3055 1816 3092 ego
1848 3041 1947 3078 istud
1980 3039 2164 3089 superiori

1175 3110 1360 3147 suscitatae
1394 3107 1575 3143 miraculo
1602 3112 1764 3140 mortuae
1797 3113 1930 3137 censeo
1958 3098 2164 3147 praeferen-

1176 3170 1286 3215 dum,
1308 3167 1409 3217 quod
1440 3165 1606 3202 exterior
1631 3162 1782 3212 quidem
1812 3159 1874 3204 ibi,
1900 3158 1958 3193 hic
1989 3168 2077 3191 vero
2106 3155 2165 3190 in-

1915 3333 1962 3367 48
