2517 3936
98 206 194 243 1193

608 214 753 248 LIBER
782 216 846 250 DE
879 217 1144 253 PRECEPTO
1176 219 1234 252 ET
1264 221 1660 259 DISPENSA'I'IONE.

2080 233 2171 268 llii'i

93 287 103 335 (
123 284 278 321 nolebat
301 285 445 335 quippe
471 296 634 324 mortem
657 303 810 337 eorum,
833 292 897 329 sed
919 295 1036 344 magis
1059 294 1155 331 ut³''
1170 309 1283 341 nens,
1313 298 1389 343 Qui
1408 301 1572 344 solvi-ric,
1594 301 1734 350 inquit,
1762 318 1873 342 unum
1903 309 1947 342 de
1975 309 2030 343 his
2059 315 2172 345 iniui-

92 353 410 382 converterentur
429 353 466 381 et
482 346 693 399 viverent),
711 349 781 399 ipsi
805 347 1019 390 maluerunt
1035 354 1098 391 de·
1119 354 1149 388 A
1166 361 1236 391 mis
1262 358 1493 395 mandatis-⁵.
1520 360 1620 406 Quid
1648 365 1763 410 ergo?
1791 365 2012 404 Audivimus
2033 382 2076 404 ex
2100 374 2174 407 Re-

91 404 232 441 clinare
252 418 321 441 cor
341 418 452 441 suurn
472 405 511 442 in
528 406 645 444 verba
662 409 831 457 malitiae,
847 411 894 448 ad
912 426 1097 451 excusan-

93 463 159 501 das
177 465 442 502 excusationes
460 466 499 502 in
520 468 696 517 peccatis.
715 472 763 506 Et
776 471 930 519 quidem
951 467 1100 523 gemina

91 524 234 561 malitia
250 525 476 574 peccatoris.
495 526 665 564 Primum
683 529 786 578 quod
802 543 872 568 nec
890 533 947 569 sui
964 534 1100 571 miser-

93 591 152 621 tus
174 592 253 632 est,
273 593 317 622 ut
344 585 499 635 culpam
526 587 726 638 propriam
756 589 960 639 fateretur,
981 602 1018 630 et
1039 607 1100 631 sa-

91 652 248 682 naretur
268 659 277 682 :
299 644 440 682 deinde
460 646 566 696 quod
583 655 621 684 et
642 661 824 695 uxorem,
847 660 889 688 ut
906 666 945 689 se
966 653 1103 690 fallaci-

91 711 149 741 ter
170 714 391 753 excusaret,
409 706 615 745 crudeliter
633 710 824 747 accusavit
842 718 867 748 ¹.

143 764 205 802 28.
233 765 334 814 Quid
363 766 545 816 estquod
567 767 732 818 denique
759 769 903 816 dicitis,
928 772 964 809 in
995 773 1101 810 omni

89 823 239 862 actione
266 826 457 863 monacho
486 827 631 864 crimen
666 828 838 866 insidiari
868 825 1099 871 inobedien—

90 883 170 931 tiae,
203 885 311 935 quasi
337 894 403 922 aut
429 886 560 923 furtim
589 886 772 938 subrepat
803 891 1011 937 nescienti,
1036 902 1101 930 aut

88 956 177 980 casu
208 944 354 982 accidat
380 946 544 993 infelici3
570 956 636 984 aut
664 961 741 985 non
770 949 913 987 valenti
940 951 1099 1001 implere

87 1003 193 1053 quod
223 1005 475 1056 praecipitur,
510 1007 679 1044 criminis
708 1009 897 1047 calumnia
931 1020 1100 1049 struatur

1165 416 1252 465 gula
1282 417 1476 465 graviores
1504 427 1541 454 et
1570 419 1730 458 leviores
1756 423 1915 472 culpas;
1944 427 2100 476 legimus
2139 439 2175 465 et

1166 475 1204 511 in
1228 476 1434 525 Evangelio
1457 478 1641 525 maxima,
1662 480 1894 531 minimaque
1914 486 2086 523 mandata
2108 504 2115 524 :
2139 497 2175 524 et

1167 534 1438 573 mandatorum
1478 540 1796 587 transgressiones
1836 542 2031 581 universas
2076 547 2175 584 dice-

1168 607 1251 632 mus
1283 597 1479 645 aequaliter
1514 598 1723 636 maximas?
1754 603 1839 637 Non
1872 610 1928 637 cst
1962 603 2076 652 igitur
2107 618 2175 642 ne—

1171 667 1273 691 cesse
1302 665 1345 693 ut
1369 657 1574 694 concedam
1597 659 1701 708 quod
1723 660 1868 708 dicitis,
1890 671 1955 698 aut
1974 667 2054 700 Deo
2078 666 2177 702 scili-

1170 723 1230 751 cet
1252 729 1328 752 non
1358 716 1471 753 tribui
1493 731 1606 755 omne
1628 720 1730 769 quod
1755 720 1802 757 ab
1823 721 1978 759 homine
1998 725 2175 773 magistro

1169 775 1375 826 accipitur,
1398 777 1503 826 quod
1527 791 1605 815 non
1628 779 1675 816 sit
1695 789 1827 817 contra
1849 785 1990 829 Deum3
2012 792 2074 820 aut
2094 798 2176 820 mo-

1169 836 1291 873 nacho
1324 837 1470 874 nullum
1499 852 1610 888 posse
1638 839 1802 877 inveniri
1830 841 1913 878 leve
1941 855 2007 879 seu
2031 844 2177 881 veniale

1168 905 1365 946 peccatum
1392 912 1400 934 :
1430 898 1519 948 quia
1541 899 1609 936 etsi
1642 899 1753 937 toties
1779 904 1861 938 Deo
1891 901 2024 952 (quod
2052 904 2174 940 saten-

1166 957 1257 993 dum
1279 957 1362 1008 est)
1384 958 1610 995 inobediens
1628 973 1708 997 esse
1734 962 1993 1009 convincitur,
2025 965 2173 1013 quotics

1166 1017 1267 1066 ejus,
1288 1018 1354 1067 qui
1387 1032 1457 1068 pro
1488 1019 1667 1069 Deo-sibi
1697 1030 1853 1070 praeest,
1874 1022 2038 1060 hominis
2066 1038 2173 1060 man-

87 1063 135 1101 de
164 1064 415 1115 impossibili?
445 1071 578 1115 Ῑῖῖὶὓθ,
607 1068 784 1118 inquam,
809 1072 997 1108 monacho
1023 1072 1099 1109 Cl'i-
1122 1081 1147 1115 B
1167 1076 1321 1122 datum,
1354 1078 1457 1127 quod
1490 1079 1641 1128 quidem
1672 1078 1829 1128 justitiae
1858 1094 1935 1118 non
1966 1093 2171 1132 repugnet,

87 1137 176 1161 men
210 1125 415 1164 insidiatur
444 1127 745 1166 inobedientiae?
768 1143 853 1166 cum
884 1139 921 1167 et
948 1132 1105 1181 antiqua

87 1184 150 1221 illa
180 1193 254 1222 tam
290 1196 400 1234 nota,
428 1196 466 1224 et
499 1196 574 1224 tam
599 1190 712 1226 noxia
742 1191 1026 1239 praevaricatio,
1050 1194 1105 1229 fa-

85 1244 178 1291 cile,
200 1253 243 1282 ut
265 1247 456 1294 creditur,
480 1247 754 1298 indulgentiam
782 1261 1102 1301 consequeretur,

86 1304 298 1344 dummodo
315 1307 517 1354 confessio,
534 1317 571 1345 et
585 1323 662 1346 non
679 1310 850 1348 defensio
865 1322 1100 1362 sequeretur.

86 1368 218 1415 Neque
251 1367 354 1403 enim
391 1376 565 1414 tantuin,
605 1378 647 1406 ut
679 1370 821 1407 dictum
859 1381 936 1419 est,
972 1375 1101 1411 nocuit

87 1425 275 1477 simplicis
305 1428 486 1474 actionis,
522 1431 698 1479 quamvis
725 1444 772 1467 ex
804 1432 1096 1481 deliberatione,

84 1487 358 1536 transgressio,
391 1497 579 1537 quantum
615 1489 806 1539 adjunctae
840 1494 1097 1531 excusationis

85 1559 173 1584 cum
192 1547 524 1597 praemeditatione
549 1548 767 1587 obstinatio.

435 1672 615 1712 CAPUT
643 1674 739 1713 XII.

168 1798 207 1827 In
222 1795 344 1838 Regula
363 1805 451 1838 aeque
467 1806 502 1827 ac
517 1796 585 1839 lege
600 1796 706 1828 divina
722 1796 934 1840 disparitatem
950 1809 1016 1830 esse

471 1849 707 1884 inobedieuiiae.

136 1970 199 2009 29.
231 1970 305 2009 Sed
336 1971 526 2021 numquid
559 1971 658 2009 forte
682 1971 719 2009 in
744 1972 827 2023 lege
856 1973 1011 2023 quidem
1039 1973 1098 2011 di—

82 2029 172 2067 vina
198 2030 375 2069 habenda
407 2040 464 2068 est
490 2032 570 2069 haec
600 2032 857 2070 consideratio
888 2035 1094 2083 gravioris,

82 2089 313 2141 leviorisque
341 2090 636 2138 inobedientiae,
668 2105 747 2129 non
775 2101 900 2129 autem
930 2094 981 2130 ita
1001 2103 1038 2131 et
1058 2095 1097 2131 in

82 2151 228 2200 Regula
262 2153 420 2188 nostra?
452 2151 525 2188 Sed
554 2153 639 2202 quis
667 2166 756 2191 sane
786 2153 889 2190 dicat
922 2154 1006 2204 plus
1035 2155 1098 2191 tri-

82 2209 279 2248 buendum
301 2212 495 2257 humanis,
516 2226 629 2262 quam
647 2213 786 2251 divinis
804 2214 1096 2262 traditionibus,

82 2272 280 2323 plurisque
300 2272 404 2323 quod
425 2286 495 2323 per
514 2286 602 2311 suos
619 2278 742 2322 Deus,
769 2288 883 2325 quam
906 2276 1009 2325 quod
1030 2290 1099 2326 per

83 2334 262 2384 seipsum
280 2334 464 2384 imperat,
488 2334 776 2372 aestimandum?
796 2340 856 2373 An
881 2350 958 2372 non
987 2336 1098 2373 deni-

82 2407 156 2443 que
188 2402 227 2431 et
255 2393 358 2444 apud
389 2403 563 2431 sanctum
590 2396 839 2433 Benedictum
866 2396 1033 2446 propriae
1060 2404 1097 2433 et

81 2453 268 2492 distinctae
308 2453 356 2491 ab
387 2455 554 2492 invicem
593 2457 790 2494 sententiae
822 2457 1094 2503 inveniuntur,

83 2513 156 2551 alia
174 2514 222 2552 de
242 2514 467 2561 levioribus,
489 2516 562 2553 alia
583 2516 630 2553 de
649 2516 890 2566 gravioribus
911 2517 1095 2567 inscripta

81 2574 260 2624 culpis2?
283 2574 385 2623 Quid
403 2583 460 2612 est
483 2583 612 2612 autem
632 2577 755 2614 levior
779 2578 912 2628 culpa,
934 2577 1005 2614 nisi
1037 2578 1094 2614 le-

1171 1137 1500 1187 praetergreditur3
1526 1138 1623 1174 sicut
1653 1147 1777 1176 tamen
1814 1154 1891 1177 non
1925 1155 1994 1191 par
2019 1156 2109 1179 eura
2137 1144 2172 1180 in

1171 1198 1414 1234 exsecutione
1435 1198 1615 1248 exigitur,
1639 1199 1689 1235 sic
1711 1212 1779 1236 nec
1800 1213 1869 1249 par
1889 1202 2000 1252 culpa
2022 1211 2163 1239 contra-

1171 1257 1274 1293 hitur
1307 1270 1355 1293 ex
1387 1258 1697 1307 transgressione.
1726 1260 1805 1296 Etsi
1834 1261 1977 1310 qnippe
1998 1275 2096 1299 unus
2119 1272 2173 1298 cst

1169 1317 1234 1366 qui
1256 1317 1485 1363 offenditur3
1507 1331 1583 1354 non
1609 1326 1734 1355 tamen
1755 1319 1868 1355 unius
1889 1321 2071 1369 ponderis
2091 1336 2174 1372 qnae

1163 1375 1374 1425 jubentur,
1393 1390 1463 1413 nec
1485 1377 1599 1413 unius
1622 1376 1783 1414 subinde
1804 1378 2032 1416 discriminis
2044 1380 2173 1429 jusso-

1167 1449 1252 1472 rum
1281 1445 1337 1473 est
1359 1437 1529 1473 omnium
1562 1437 1754 1474 censenda
1782 1440 2040 1488 transgressio.
2062 1441 2173 1478 Unde

1165 1504 1273 1545 pater
1290 1496 1516 1533 Benedictus
1529 1525 1538 1541 ,
1558 1513 1571 1527 α
1591 1497 1806 1533 Secundum
1821 1526 1830 1543 ,
1852 1516 1866 1531 »
1884 1498 2022 1548 inquit,
2041 1517 2054 1532 «
2071 1513 2175 1536 men-

1166 1573 1180 1589 »
1203 1569 1329 1593 suram
1351 1556 1492 1606 culpae,
1517 1557 1927 1595 excommunicationis
1948 1559 2174 1596 extendatur

1166 1632 1180 1647 υ
1202 1628 1379 1652 mensura
1392 1614 1416 1651 ⁵.
1443 1633 1456 1648 υ

1219 1676 1281 1713 30.
1313 1678 1466 1713 Frustra
1494 1675 1658 1725 proinde
1685 1675 1754 1726 (ut
1779 1676 1940 1729 videtis)
1964 1687 2028 1715 aut
2052 1687 2171 1716 terrc-

1164 1734 1278 1780 mini,
1297 1742 1361 1771 aut
1379 1742 1522 1771 terrere
1541 1736 1733 1772 conamini
1761 1736 1807 1772 de
1835 1736 2060 1775 obedientiae
2080 1752 2171 1789 pro-

1164 1794 1364 1839 missione,
1385 1807 1469 1843 quae
1487 1795 1528 1830 fit
1544 1808 1591 1830 ex
1609 1796 1773 1844 regulari
1791 1797 2047 1845 professione,
2065 1799 2174 1848 quasi

1117 1861 1144 1897 C
1165 1867 1244 1891 non
1265 1862 1441 1904 oporteat
1459 1855 1684 1904 promittere
1701 1884 1710 1901 ‚
1731 1869 1843 1905 quam
1864 1866 2010 1894 constat
2026 1871 2095 1894 nee
2114 1858 2173 1894 in-

1165 1922 1268 1964 tegre
1291 1927 1403 1964 posse
1425 1914 1569 1961 teneri,
1594 1928 1663 1951 nec
1683 1915 1763 1952 sine
1782 1916 1938 1952 crimine
1956 1917 2141 1966 praeteriri
2163 1931 2170 1953 ε

1163 1974 1352 2024 siquidem
1391 1977 1495 2020 Deo,
1531 1974 1718 2024 quidquid
1750 1975 1820 2011 Dei
1854 1976 2026 2012 minister
2056 1976 2172 2013 1101110

1164 2047 1243 2070 11011
1274 2047 1476 2084 perperam
1503 2033 1682 2082 jusserit,
1704 2035 1971 2084 imputandum
1994 2037 2172 2073 constite-

1166 2094 1224 2131 rit.
1247 2097 1421 2139 Frustra,
1444 2095 1599 2143 inquam
1615 2123 1624 2139 ,
1645 2108 1692 2130 ex
1714 2095 1782 2130 hac
1809 2095 2008 2132 occasione
2029 2096 2169 2132 malum

1164 2154 1216 2190 ita
1239 2153 1507 2189 inobedientiae
1527 2154 1781 2202 exaggeratis,
1807 2162 1846 2189 ut
1867 2167 1887 2190 a
1910 2163 1981 2191 tam
2004 2168 2169 2191 necessa-

1166 2215 1223 2252 rio
1260 2213 1363 2250 bono
1400 2213 1668 2263 promittendae
1701 2213 1929 2250 obedientiae
1963 2216 2131 2252 terreatis
2160 2230 2167 2251 z

1165 2276 1255 2325 quia
1277 2276 1345 2311 etsi
1379 2274 1532 2310 difficile
1568 2282 1722 2310 cavetur
1758 2273 1896 2323 ubique
1929 2274 2166 2325 subrepens²¹

1166 2336 1225 2372 vel
1256 2334 1462 2380 insidians,
1494 2342 1536 2370 ut
1567 2347 1635 2370 vos
1666 2333 1812 2379 dicitis,
1842 2333 2097 2371 inobedientia
2130 2336 2167 2371 in

1166 2404 1241 2433 tam
1266 2395 1378 2432 variis
1396 2402 1433 2431 ct
1450 2394 1659 2430 innumeris
1671 2422 1680 2439 ,
1701 2407 1785 2443 quae
1803 2407 1822 2430 a
1840 2394 2049 2431 senioribus
2066 2395 2166 2431 indi-

1163 2465 1326 2502 cuntur3
1360 2468 1437 2491 non
1475 2468 1624 2504 semper
1652 2462 1776 2490 tamen
1804 2453 2069 2491 damnabiliter
2099 2468 2163 2491 seu

1162 2515 1409 2552 criminaliter
1441 2513 1543 2564 quod
1577 2513 1818 2563 praecipitur,
1853 2526 1930 2549 non
1969 2514 2159 2563 impletur.

1161 2577 1239 2613 Etsi
1273 2577 1370 2612 enim
1408 2574 1532 2611 omnis
1564 2572 1823 2609 inobedientia
1854 2574 2163 2611 inexcusabiliter

80 2634 167 2672 vior
191 2633 479 2672 inobedientia?
505 2636 726 2674 Traduntur
752 2637 865 2687 igitur
888 2651 907 2674 a
928 2638 1095 2687 praelatis
1111 2646 1144 2680 D
1161 2637 1207 2673 sit
1227 2634 1445 2685 culpabilis,
1472 2634 1575 2670 nulla
1604 2641 1726 2669 tamen
1753 2633 1980 2669 &eternaliter
2005 2633 2163 2670 damna-

81 2694 273 2732 interdum
299 2694 449 2731 minora
470 2695 675 2742 mandata,
698 2710 864 2747 quornm
888 2705 1094 2747 transgres-

81 2754 137 2791 sio
169 2755 315 2792 leviora
348 2755 560 2792 secundum
593 2757 777 2805 Regulam
812 2757 911 2806 parit
937 2765 975 2793 et
1003 2770 1093 2807 pec-

81 2823 185 2862 cata3
216 2823 255 2851 et
287 2823 413 2851 tamen
448 2814 486 2851 in
516 2819 637 2852 Deum
676 2816 927 2854 nihilominus
947 2830 1093 2867 praeva-

82 2873 214 2911 ricatio
247 2875 309 2921 fit,
341 2874 492 2924 quoties
519 2874 666 2912 abbatis
691 2875 813 2924 jussio
842 2878 1089 2926 przeteritur:

82 2934 267 2985 siquidem
290 2944 391 2972 etex
411 2949 477 2972 ore
504 2936 588 2986 ipso
614 2937 683 2973 Dei
716 2949 794 2973 non
819 2938 980 2986 aequalia
1005 2946 1092 2973 sunt

79 2996 320 3046 promulgata
333 3025 343 3042 ,
362 3004 400 3032 et
420 2995 506 3033 ideo
530 3010 605 3032 non
624 2997 761 3046 aequali
778 3006 912 3034 cuneta
930 2998 1092 3047 vigilan—

83 3054 133 3091 tia
154 3054 420 3102 observanda3
441 3055 508 3092 sed
535 3056 606 3092 alia
632 3069 723 3092 cura
744 3056 959 3093 exhibenda
982 3065 1037 3093 est
1058 3057 1091 3093 ei

81 3116 219 3165 procul
247 3115 365 3152 dubio
382 3144 391 3161 ,
421 3116 527 3166 quod
556 3117 636 3167 ipse
667 3116 843 3166 perhibet
865 3122 1033 3166 primum
1059 3127 1094 3153 et

81 3180 292 3212 maximum
307 3177 528 3213 mandatum
538 3174 552 3198 3
567 3191 574 3213 :
588 3177 660 3213 alia
674 3177 729 3213 his
743 3190 828 3226 quae
846 3177 935 3214 alibi
949 3177 1092 3214 discer—

131 3306 141 3321 ¹
174 3311 244 3332 Jen.
263 3312 322 3339 111,
344 3304 433 3332 1-13.
450 3321 493 3324 —
513 3308 525 3323 ²-
541 3305 617 3344 Reg.
633 3306 663 3334 S.
679 3302 856 3339 Benedicti,
879 3313 970 3344 capp.
989 3306 1051 3341 24,
1078 3306 1129 3334 2'0.
1150 3322 1189 3325 —
1206 3300 1219 3324 3
1236 3300 1351 3333 Mauh.
1370 3313 1463 3338 xxii,
1483 3304 1535 3330 tis,

129 3364 142 3380 ⁰
162 3359 389 3402 Manuscripli,
409 3358 594 3404 subripiens,

1159 2695 1267 2742 bilis,
1291 2696 1363 2732 nisi
1384 2708 1497 2744 quam
1522 2693 1729 2730 remedium
1752 2693 1986 2742 poenitentia?
2007 2707 2084 2730 non
2100 2707 2162 2730 sa—

1160 2765 1225 2794 nat
1257 2771 1265 2793 :
1298 2757 1402 2793 nulla
1440 2764 1495 2792 est
1530 2754 1690 2790 letaliter
1717 2754 1946 2799 criminalis,
1981 2755 2051 2791 nisi
2077 2769 2160 2804 quae

1159 2825 1422 2866 contemptum
1450 2814 1638 2864 superbiae
1671 2827 1747 2849 non
1775 2814 1903 2850 evitat.
1926 2818 2062 2864 Magna
2091 2816 2160 2864 igi-

1161 2885 1222 2913 tur
1256 2877 1437 2913 securitas
1465 2875 1550 2911 filiis
1582 2873 1829 2919 obedientiae,
1858 2883 1894 2909 et
1927 2888 2057 2911 revera
2085 2888 2158 2924 pax

1159 2936 1376 2973 hominibus
1400 2936 1510 2972 bonae
1534 2934 1738 2970 voluntatis
1759 2949 1766 2970 :
1789 2935 1969 2983 quoniam
1996 2936 2034 2971 in
2056 2937 2159 2971 omni

1158 2996 1376 3033 obedientia
1401 2996 1479 3032 sola
1506 2994 1708 3030 damnatur
1727 2993 2025 3043 impoenitentia,
2047 3008 2158 3043 quani

1158 3058 1275 3094 nescit
1306 3057 1371 3106 qui
1401 3056 1521 3105 diligit
1540 3059 1683 3100 Deum3
1708 3055 1787 3090 sola
1808 3054 2072 3090 incriminatur
2091 3068 2157 3090 su—

1157 3117 1310 3168 perbia,
1335 3130 1446 3166 quam
1470 3116 1578 3152 facile
1597 3123 1703 3151 cavet
1724 3115 1787 3164 (1111
1809 3114 1913 3150 timet
1934 3115 2152 3162 gehennam.

1159 3177 1228 3215 Sed
1251 3176 1435 3226 exemplis
1454 3176 1590 3213 clarius
1609 3175 1796 3211 elucescet
1815 3173 1917 3223 quod
1933 3173 2100 3210 dicimus.
2117 3174 2151 3210 Si

1611 3303 1623 3325 *¹
1642 3301 1688 3331 Id.
1706 3312 1736 3334 V,
1759 3302 1808 3329 10.
1831 3296 1901 3319 *15
1920 3301 2075 3337 1111911111.
2098 3294 2152 3326 12‘1'
