2533 3920
398 226 471 261 435

396 309 529 346 melius
558 306 700 344 facietis
725 321 733 344 :

1163 229 1197 263 S.
1230 227 1481 262 BERNARDI
1510 228 1710 263 ABBATIS

762 314 800 343 et
830 306 861 342 si
893 318 1024 342 verum
1054 314 1109 342 est
1134 303 1433 341 testimonium¹¹³

2387 232 2461 272 436

1438 304 1622 354 ⁵regnum
1663 305 1872 350 coelorum,
1902 303 1968 355 qui
2004 296 2316 355 contempserunt
2348 309 2462 348 vitam

395 368 499 419 quod
519 367 565 404 de
586 366 694 403 vobis
719 365 893 416 perhibet
921 365 1162 402 charissimus
1188 365 1399 401 avunculus
1417 364 1443 398 Α
1467 365 1611 401 mundi.
1634 365 1759 403 Facite
1779 363 1889 401 vobis
1908 364 1994 401 illos
2013 365 2154 401 amicos
2176 365 2222 402 de
2252 380 2464 408 mammona

397 443 503 466 meus
519 428 731 473 A11d1·eas³‚
754 427 813 463 eui
837 427 997 463 inultum
1026 425 1238 471 credimus;
1259 425 1372 461 ethic
1388 452 1398 469 ,

399 498 436 525 et
462 489 501 524 in
526 495 709 524 aeternuin
738 489 820 522 Deo
849 485 1051 521 miserante
1083 482 1300 532 regnabitis.
1328 486 1400 519 Pc-

400 548 560 598 regrinis
581 575 590 591 ,
624 545 751 596 egenis
773 573 782 591 ,
812 553 849 580 et
884 545 1047 581 maxime
1081 543 1235 580 inclusis
1270 554 1399 578 curam

399 607 608 657 impendite
620 606 725 655 :quia
741 604 875 641 talibus
886 604 1018 640 hostiis
1035 605 1398 654 promereturDeus.

398 666 556 704 Scribite
580 665 690 702 nobis
717 665 953 712 frequentius
974 679 981 699 ε
1002 664 1090 712 quia
1119 672 1155 699 et
1183 661 1292 698 vobis
1318 673 1397 697 non

398 726 546 770 oberit,
580 733 617 761 et
645 723 755 761 nobis
782 723 978 773 proderit,
1010 724 1040 760 si
1066 735 1146 760 esse
1159 720 1175 744 ¹³
1202 729 1396 767 vestrum,

398 795 434 822 et
463 785 564 822 bona
590 784 713 821 studia
737 784 886 833 plenius
915 783 1130 832 certiusque
1164 782 1397 818 noverimus.

485 917 506 925 sn
513 915 680 925 nummus-x·
686 914 737 922 msx
743 913 1055 923 §sumnus-snwxxvswwn
1062 912 1401 922 uuuwuwwwxums==s==

565 1018 935 1076 EPISTOLA
982 1016 1233 1076 CCVII.c

594 1173 639 1195 AD
669 1172 865 1195 ROGEMUM
896 1171 1021 1194 REGEM
1051 1171 1209 1194 SICILIAE.

398 1279 549 1308 llortatur
566 1280 601 1306 ut
616 1285 648 1305 se
666 1272 856 1315 pauperibus
878 1271 1041 1313 Religiosis
1059 1271 1228 1314 benignum
1244 1276 1275 1302 et
1291 1271 1405 1303 benefi-

773 1337 846 1357 cum
867 1325 1024 1366 exhibeat.

453 1439 584 1484 Longe
605 1435 755 1482 lateque
772 1433 861 1469 satis
881 1432 1034 1469 dilatata
1052 1441 1108 1470 est
1127 1433 1405 1482 magnificentia

400 1505 524 1532 vestra
556 1508 670 1545 super
699 1502 837 1529 terrain
856 1494 888 1529 *.
908 1494 1057 1529 Etenim
1089 1493 1207 1541 ,gloria
1239 1493 1405 1530 nominis

400 1556 514 1592 vestri
532 1568 626 1604 quos
646 1555 739 1589 fines
757 1566 832 1589 non
853 1552 1005 1600 attigit?
1025 1552 1096 1589 Sed
1118 1552 1245 1589 audite
1278 1553 1406 1589 consi-

399 1617 491 1652 lium
515 1614 701 1663 diligentis
720 1626 801 1649 vos.
823 1612 991 1658 Studete,
1013 1611 1117 1661 quod
1141 1612 1180 1648 in
1198 1611 1306 1649 vobis
1322 1621 1378 1649 est
1394 1640 1403 1656 ,

397 1676 495 1711 lianc
512 1675 630 1724 ipsam
655 1673 812 1722 gloriam
832 1672 973 1708 referre
992 1672 1039 1708 ad
1056 1672 1163 1708 illum
1183 1685 1203 1708 a
1223 1686 1300 1721 quo
1332 1680 1405 1719 est,

399 1736 427 1771 si
447 1748 523 1771 non
539 1734 654 1770 vultis
668 1746 749 1769 eam
765 1731 941 1782 perdere,
964 1740 1029 1768 aut
1046 1741 1147 1769 certe
1163 1732 1272 1782 perdi
1288 1731 1335 1769 ab
1350 1746 1404 1768 ea.

398 1799 481 1832 Hoc
504 1802 629 1830 autem
656 1793 707 1829 sic
730 1793 793 1829 fiet
806 1820 815 1836 ,
849 1792 878 1828 si
912 1793 1012 1828 inter
1043 1804 1108 1828 eos
1122 1821 1132 1838 ,
1162 1805 1259 1841 quos
1291 1792 1408 1841 regiae

1463 680 1618 690 s=u=x==m=
1624 679 1645 687 -ι
1651 678 1746 687 ιιιιιιι
1752 676 2021 687 ιιιαιινιιιιινιηιιιπ
2026 675 2081 685 ..ιιι

1467 425 1674 474 iniquitatis
1697 440 1704 461 :
1727 433 1769 460 ut
1789 438 1874 461 cum
1896 424 2108 461 defeceritis
2133 438 2154 461 a
2179 434 2330 464 terreno
2348 442 2462 479 regno

1466 494 1616 530 vestro,
1645 484 1829 534 recipiant
1860 496 1929 520 vos
1956 483 1995 519 in
2024 496 2134 521 suum
2166 498 2326 535 regnum
2357 497 2465 526 aeter-

1467 558 1557 582 num
1570 543 1593 580 3.

2082 675 2095 684 m
2100 676 2125 685 αι
2132 676 2240 687 usuum
2244 677 2313 688 zsvsw
2317 679 2354 689 uu
2358 680 2468 692 mss-5

1618 792 1991 851 EPISTOLA
2044 784 2326 850 (ΙΟΣῙΙΙΙ.ἀι

1853 962 1900 984 AD
1928 963 2098 986 EUMDEM.

1422 1084 1450 1118 Β
1467 1079 1668 1111 Desideratus
1689 1088 1708 1107 a
1732 1079 1819 1118 Rege
1837 1076 1931 1108 mittit
1951 1087 1990 1108 ex
2017 1077 2099 1116 suis,
2122 1088 2202 1120 quos
2229 1085 2264 1111 ut
2281 1079 2398 1113 viscera
2416 1093 2470 1116 sua
2523 1063 2526 1098 i

1681 1129 1814 1172 benigne
1841 1129 1956 1172 suscipi
1980 1135 2010 1161 et
2037 1129 2135 1162 foveri
2160 1138 2262 1175 rogat.

1522 1253 1559 1290 Si
1581 1265 1640 1288 me
1660 1251 1829 1301 quaeritis
1843 1280 1852 1297 ‚
1871 1263 1958 1288 ecce
1975 1263 2065 1301 eg0‚
2080 1259 2117 1290 et
2137 1253 2247 1310 pueri
2264 1254 2360 1302 mei,
2377 1269 2472 1305 quos

1470 1311 1575 1347 dedit
1594 1311 1686 1347 mihi
1704 1314 1819 1348 Deus.
1841 1313 1979 1348 Fertur
1998 1323 2164 1360 namque
2183 1324 2266 1348 mea
2284 1312 2473 1355 humilitas
2522 1327 2523 1332 ¹

1470 1369 1662 1406 invenisse
1680 1369 1838 1419 gratiam
1859 1368 1961 1418 apud
1984 1369 2124 1419 regiam
2147 1369 2380 1420 majestatem
2394 1403 2404 1420 ,
2423 1375 2472 1414 ita

1471 1438 1514 1466 ut
1533 1437 1680 1479 quaerat
1698 1429 1829 1466 videre
1853 1443 1925 1466 me.
1952 1433 1998 1466 Et
2019 1430 2104 1479 quis
2123 1443 2194 1480 ego
2213 1444 2298 1468 sum
2312 1461 2322 1479 ,
2339 1441 2382 1472 ut
2397 1434 2473 1472 dis·

1472 1490 1645 1527 simulem
1666 1489 1946 1539 beneplacitum
1970 1490 2113 1539 Regis?
2135 1495 2307 1528 Accurro
2323 1521 2333 1539 ‚
2355 1501 2393 1530 et
2409 1495 2473 1544 qui

1472 1549 1685 1600 quaerebar,
1710 1563 1796 1586 ecce
1818 1549 1950 1587 adsum
1974 1565 1982 1586 z
2007 1563 2086 1587 non
2106 1551 2146 1587 in
2168 1553 2369 1601 praesentia
2387 1568 2474 1592 cor-

1472 1611 1577 1662 poris
1595 1612 1743 1647 infirma
1756 1640 1766 1657 ‚
1784 1611 1823 1648 in
1845 1624 1921 1660 qua
1940 1611 2115 1660 despexit
2129 1612 2339 1650 Dominum
2358 1617 2475 1653 Hero·
2517 1629 2521 1635 ·

1475 1672 1588 1718 des⁴';
1607 1680 1773 1709 attamen
1791 1671 1830 1707 in
1851 1669 2062 1708 visceribus
2081 1671 2185 1708 meis.
2201 1675 2295 1709 Nam
2312 1673 2397 1723 quis
2416 1687 2475 1712 me
2517 1690 2521 1719 ¹,

1474 1730 1666 1781 separabit
1681 1730 1728 1767 ab
1741 1730 1822 1767 his?
1839 1733 1985 1780 Sequar
2002 1744 2067 1768 eos
2084 1744 2329 1782 quocumque
2346 1733 2474 1771 ierint:
2517 1742 2521 1754 '

1474 1800 1512 1828 et
1525 1792 1554 1828 si
1574 1791 1830 1828 habitaverint
1849 1791 1887 1827 in
1908 1791 2088 1828 extremis
2108 1792 2222 1829 maris
2237 1821 2247 1839 ‚
2266 1806 2344 1830 non
2366 1802 2476 1832 erunt

402 1853 688 1903 magnificentiae
721 1850 879 1889 celebris
910 1851 1041 1900 opinio
1073 1860 1207 1888 evocat
1243 1851 1289 1887 de
1325 1852 1405 1888 lon·
1426 1859 1454 1895 C
1474 1852 1617 1901 absque
1636 1864 1707 1888 me.
1727 1850 1875 1897 Habes,
1892 1854 1993 1898 Rex,
2010 1852 2140 1889 lumen
2158 1853 2360 1890 oculorum
2377 1867 2477 1893 meo-

398 1915 559 1963 ginquo,
583 1912 821 1949 discretionis
849 1911 1002 1947 oculum
1027 1911 1204 1960 aperitis,
1228 1925 1405 1948 inanum-

399 1988 472 2023 que
506 1972 706 2009 extenditis
744 1984 821 2007 non
858 1978 933 2006 tam
973 1971 1146 2020 cupidis,
1169 1985 1283 2020 quam
1319 1985 1405 2021 ege-

400 2034 467 2070 nis.
503 2037 549 2070 Et
580 2046 668 2069 vere
695 2032 822 2068 beatus
854 2037 915 2079 qul
949 2035 1142 2081 intelligit,
1174 2046 1251 2068 non
1291 2046 1406 2082 super

401 2093 615 2143 cupidum,
649 2092 714 2129 sed
746 2106 855 2140 super
891 2105 1046 2140 egentem
1086 2101 1122 2128 et
1148 2106 1357 2141 pauperem
1378 2100 1402 2130 ¹.

400 2156 538 2198 Illum,
569 2154 747 2202 inquam,
772 2165 981 2202 pauperem
1011 2152 1077 2202 qui
1111 2152 1252 2189 invitus
1280 2154 1402 2203 petit,

400 2224 436 2251 et
469 2213 684 2251 verecunde
719 2213 885 2262 accipit,
919 2221 955 2249 et
987 2213 1174 2262 accipiens
1217 2214 1404 2262 glorificat

399 2279 547 2312 Patrem
577 2288 686 2311 sunm
707 2275 772 2324 qui
793 2275 830 2310 in
853 2275 953 2311 coelis
977 2282 1043 2310 est.
1065 2276 1159 2311 Cum
1178 2283 1303 2311 autem
1321 2279 1402 2312 Deo

399 2349 466 2372 sua
494 2335 613 2384 gloria
641 2334 687 2370 de
707 2343 834 2371 vestro
860 2347 1017 2370 munere
1043 2347 1089 2370 ex
1115 2348 1181 2370 ore
1210 2336 1403 2384 egentium

400 2396 451 2432 ita
473 2395 631 2431 fideliter
653 2394 926 2443 resignabitur3
944 2394 1114 2431 uberiori
1132 2395 1265 2444 procul
1284 2395 1404 2432 dubio

401 2456 484 2492 rivo
506 2456 597 2491 fluat
613 2453 720 2491 vobis
741 2467 890 2491 necesse
907 2463 962 2491 est
982 2455 1043 2491 ille
1062 2455 1145 2491 fons
1163 2455 1293 2504 gloriae
1308 2485 1317 2501 ‚
1339 2456 1405 2505 qui

401 2516 598 2565 diligentes
625 2529 663 2551 se
689 2515 836 2565 diligit,
866 2524 902 2551 et
928 2516 1114 2564 glorificat
1148 2516 1405 2563 glorificantes

399 2588 437 2611 se
460 2590 467 2611 :
490 2584 531 2611 nt
553 2576 617 2623 qui
641 2576 799 2611 seminat
826 2576 862 2611 in
890 2574 1246 2621 benedictionibus,
1268 2575 1315 2611 de
1336 2575 1406 2612 be-

1473 1925 1556 1948 rum
1575 1939 1584 1956 ‚
1607 1910 1722 1947 habes
1740 1924 1806 1948 cor
1824 1924 1951 1947 meum
1966 1940 1976 1957 ,
1994 1920 2032 1948 et
2048 1911 2212 1949 animam
2230 1926 2365 1950 meam.
2378 1913 2476 1963 Quid
2515 1910 2518 1914 ⁴

1472 1972 1502 2008 si
1523 1971 1714 2008 modicum
1732 1971 1851 2007 nostri
1870 1970 2005 2008 abest?
2025 1973 2305 2021 Corpusculum
2325 1973 2477 2024 loquor,

1471 2030 1545 2067 vile
1567 2030 1668 2066 istud
1691 2030 1925 2080 mancipium
1943 2059 1953 2075 ‚
1975 2030 2080 2080 quod
2110 2031 2181 2068 etsi
2212 2032 2387 2070 voluntas
2412 2046 2476 2071 ex·
2514 2075 2517 2082 ,

1471 2099 1661 2140 poneret,
1689 2089 1754 2126 sed
1790 2090 1972 2127 retineret
2009 2092 2224 2130 necessitas.
2262 2096 2347 2131 Non
2380 2095 2477 2132 valet
2514 2097 2533 2139 ’ἶ

1471 2151 1578 2200 sequi
1614 2150 1808 2187 volantem
1840 2151 2037 2198 animum,
2068 2151 2251 2201 quoniam
2285 2153 2477 2193 infirmum
2513 2169 2516 2191 2⁷

1471 2220 1527 2248 est
1540 2241 1550 2258 ,
1572 2221 1608 2249 et
1625 2213 1750 2249 solum
1767 2225 1866 2262 pene
1886 2212 1940 2248 illi
1961 2220 2136 2262 superest
2153 2213 2383 2263 sepulcrum.
2406 2213 2476 2256 Sed
2511 2256 2522 2264 1,

1469 2285 1554 2321 quae
1580 2286 1669 2309 cura
1688 2274 1703 2308 Ρ
1723 2273 1861 2309 Anima
1881 2285 1964 2309 mea
1992 2272 2032 2308 in
2064 2271 2177 2309 bonis
2206 2273 2476 2322 demorabitur,
2511 2265 2514 2273 ’

1471 2346 1557 2369 cum
1589 2345 1718 2369 semen
1746 2345 1874 2369 meum
1903 2331 2144 2369 haereditabit
2170 2341 2322 2370 terram.
2343 2336 2476 2372 Semen

1472 2405 1598 2429 meum
1617 2421 1626 2437 ‚
1651 2405 1780 2429 semen
1811 2391 1971 2428 bonum.
2007 2392 2269 2438 Germinabit,
2292 2394 2322 2430 si
2357 2401 2477 2432 tamen
2510 2385 2513 2397 ἦ

1472 2452 1510 2488 in
1539 2461 1677 2489 terram
1704 2450 1847 2489 bonam
1873 2451 2064 2489 ceciderit.
2085 2451 2296 2490 Laetabitur
2314 2461 2354 2490 et
2373 2453 2476 2492 dele·

1475 2511 1640 2548 ctabitur
1659 2512 1697 2548 in
1717 2511 1966 2548 crassitudine
1985 2512 2113 2548 anima
2129 2525 2233 2559 mea3
2256 2513 2420 2564 quippe,
2438 2520 2479 2551 ut
2508 2524 2511 2555 ξ

1473 2572 1647 2618 conlido,
1675 2571 1827 2608 dabitur
1855 2572 1911 2608 illi
1947 2572 1993 2608 de
2021 2572 2148 2609 fructu
2180 2586 2363 2611 manuum
2392 2586 2477 2611 sua·-
2509 2575 2511 2577 ’

400 2634 679 2671 nedictionibus
696 2643 733 2670 et
746 2643 861 2671 metat
874 2641 899 2671 ².
917 2637 990 2670 Pro
1005 2633 1223 2682 hujusmodi
1242 2634 1403 2671 obsecro
1426 2643 1457 2676 D
1476 2647 1572 2670 runi.
1594 2632 1776 2682 Reposita
1800 2640 1857 2669 est
1881 2632 1962 2668 liaec
1987 2645 2073 2682 spes
2099 2645 2182 2669 mea
2207 2633 2246 2670 in
2273 2634 2358 2671 sinu
2375 2645 2477 2680 meo,
2506 2645 2530 2667 τ’

403 2708 468 2730 ros
487 2706 631 2743 ponere
657 2695 790 2730 oeulos
810 2702 957 2730 vestros
977 2706 1092 2743 super
1118 2694 1277 2730 latorem
1305 2708 1405 2744 prae—

404 2754 589 2798 sentium,
619 2766 731 2802 quein
760 2766 831 2802 pro
858 2761 962 2789 certo
991 2752 1037 2789 ad
1071 2762 1235 2790 vestram
1267 2755 1408 2803 regiam

405 2812 642 2861 praesentiam
683 2825 761 2847 non
793 2812 979 2861 cupiditas
1017 2813 1159 2859 traxit,
1190 2813 1256 2849 sed
1287 2815 1410 2863 coegit

403 2872 615 2908 necessitas.
634 2872 841 2907 Necessitas
857 2871 942 2908 dico
961 2885 1038 2908 non
1055 2885 1136 2917 sua,
1153 2872 1217 2909 sed
1236 2887 1408 2921 suorum,

403 2931 607 2968 inultorum
631 2931 806 2967 videlicet
824 2960 833 2976 ,
855 2946 875 2968 a
896 2921 1037 2980 quibus
1069 2933 1203 2970 missus
1235 2942 1311 2980 est,
1334 2948 1409 2971 ser·

402 3004 538 3026 vorum
567 2990 634 3026 Dei
657 2990 836 3027 fidelium.
853 2991 989 3027 Audite
1014 2993 1203 3041 patienter
1225 2994 1317 3042 quid
1340 3008 1410 3044 pa—

406 3051 560 3096 tiantur,
586 3049 739 3096 audite,
765 3058 802 3086 et
824 3052 1102 3100 conipatiinini3
1131 3053 1220 3101 quia
1243 3055 1272 3090 si
1303 3068 1410 3092 coni-

403 3109 598 3160 patimini,
619 3118 655 3146 et
676 3110 966 3159 conregnabitis.
988 3115 1064 3148 Nec
1088 3114 1411 3152 contemnendum

400 3170 479 3220 regi
509 3183 667 3219 regnare
699 3183 785 3206 cum
817 3170 984 3208 talibus:
1014 3172 1185 3221 ipsorum
1221 3182 1276 3209 est
1306 3175 1410 3211 enini

1475 2702 1516 2730 ut
1537 2693 1727 2743 patienter
1747 2693 1862 2729 ferani
1881 2691 1928 2730 ab
1950 2693 2008 2730 his
2032 2693 2091 2730 vel
2113 2706 2277 2743 corpore
2302 2693 2476 2744 separari.
2507 2695 2517 2704 “’

1475 2757 1558 2791 Non
1588 2753 1756 2799 mireris,
1787 2756 1882 2790 Rex.
1916 2757 2016 2791 Ante
2049 2754 2244 2803 elegissem
2271 2767 2293 2791 a
2320 2765 2478 2804 corpore
2524 2775 2525 2779 =

1477 2813 1731 2864 peregrinari,
1747 2826 1859 2862 quam
1881 2814 1972 2850 istos
1988 2813 2181 2861 emittere,
2197 2814 2227 2851 si
2245 2815 2348 2851 solus
2362 2826 2478 2851 causae

1479 2874 1625 2910 deesset
1649 2876 1760 2910 Deus.
1783 2873 1939 2923 Suscipe
1955 2873 2040 2911 illos
2062 2882 2240 2923 tanquam
2262 2873 2424 2912 advenas
2442 2880 2479 2911 et
2504 2887 2507 2894 ¹

1478 2933 1722 2983 peregrin05‚
1751 2942 2016 2971 verumtamen
2047 2934 2149 2972 cives
2175 2942 2393 2972 sanctorum
2412 2961 2422 2980 ,
2441 2940 2479 2972 et
2504 2963 2506 2973 .

1478 2994 1708 3031 domesticos
1732 2995 1813 3031 Dei.
1839 2998 1976 3033 Parum
2003 2995 2082 3032 dixi
2099 2995 2226 3041 cives;
2252 3008 2357 3045 reges
2381 3001 2476 3032 sunt.
2502 3018 2505 3028 ‚

1477 3059 1652 3106 Ipsorum
1686 3063 1742 3091 est
1768 3055 1870 3091 enim
1901 3068 2063 3104 regnum
2097 3056 2281 3092 coelorum
2301 3083 2311 3102 ‚
2329 3054 2415 3104 J'ure
2442 3060 2479 3091 et

1479 3116 1614 3153 inei-ito
1636 3115 1881 3165 paupertatis.
1899 3119 1983 3153 Non
2005 3116 2113 3153 decet
2134 3116 2272 3154 frustra
2293 3129 2313 3153 e
2333 3115 2479 3166 longin-

1478 3190 1555 3225 quo
1576 3189 1657 3213 esse
1676 3183 1852 3222 vocatos,
1872 3183 1909 3211 et
1929 3175 2005 3212 suis
2021 3174 2174 3212 sedibus
2191 3175 2339 3213 exsules
2358 3171 2477 3211 inutili

452 3305 562 3336 ¹1‘sat.
585 3308 700 3341 x1.,l.
718 3323 762 3328 -
779 3311 790 3326 ²
808 3309 836 3337 11
857 3308 928 3339 Cor.
950 3319 1003 3344 ix,
1023 3312 1054 3337 Γ).
1072 3326 1116 3330 —
1135 3305 1148 3330 3
1166 3311 1239 3339 Luc.
1254 3321 1330 3346 xvi,
1353 3315 1386 3343 9,
1407 3330 1451 3334 --
1467 3312 1748 3349 41d.xx111,1t.

446 3371 458 3384 Δ·
480 3364 527 3395 Ad
545 3375 636 3406 (μη-ιι)
650 3364 778 3406 epistola
800 3368 876 3397 288.
906 3385 943 3388 *Α
967 3366 981 3386 b
997 3366 1031 3398 ld
1047 3374 1089 3397 est
1102 3391 1108 3403 ,
1127 3374 1251 3399 statum.
1273 3389 1314 3392 -
1332 3377 1345 3391 ¹*
1362 3372 1481 3413 Scripta
1500 3383 1582 3403 anno
1603 3371 1716 3404 Christi
1736 3374 1834 3403 1139.
1856 3389 1890 3394 --
1913 3371 1928 3392 ‘¹
1949 3371 2070 3414 Scripta
2083 3370 2191 3403 eodem
2208 3380 2303 3402 anno.
