2517 3936
88 186 162 222 953

91 281 104 293 n
122 265 242 296 matur!
279 265 369 294 Stans
402 268 520 294 interea
555 265 663 306 vulgus
688 266 824 297 sonitum
854 266 992 305 follium,
1020 274 1096 298 stre-

89 317 221 361 =piturn
258 315 493 358 cymbalorum,
527 316 723 349 harmoniam
763 319 933 351 fistularum
963 326 1097 352 tremens

88 385 102 399 n
119 369 329 411 attonitusque
346 368 491 407 miratur,
506 369 560 400 sed
574 369 703 401 lascivas
720 373 912 403 cantantium
936 374 1096 414 gesticula-

86 438 100 452 »
117 423 235 461 tiones,
255 421 445 453 meretricias
460 432 571 453 vocum
592 423 813 455 alternationes
830 431 859 455 et
874 425 1074 457 infractiones
1086 451 1093 465 ,

87 487 181 508 -non
209 476 275 507 sine
303 475 455 507 cachinno
475 475 602 517 risuque
632 476 770 507 intuetur
798 488 805 508 :
833 483 865 508 ut
894 489 946 509 eos
972 489 1034 509 non
1057 480 1097 510 ad

87 545 102 558 ι
119 529 308 566 oratorium,
331 528 386 559 sed
405 527 444 559 ad
465 527 641 567 theatrum,
664 540 721 561 nec
741 530 780 560 ad
797 530 969 569 orandum,
989 532 1042 563 sed
1057 533 1096 563 ad

87 597 101 610 1»
117 581 322 624 spectandum
349 582 482 612 aestimes
502 582 695 613 convenisse.
716 585 782 614 Nec.
807 583 935 614 timetur
956 585 1006 615 illa
1035 591 1095 616 tre-

87 649 101 663 ·
116 635 231 667 menda
255 635 418 677 majestaS,
445 634 495 666 cui
520 634 690 672 assistitur;
717 645 774 666 nec
798 635 937 667 defertur
964 638 1096 679 mystico

85 689 162 720 -illi
190 688 357 732 praesepio,
389 689 438 720 cui
467 688 661 719 ministratur
693 698 699 718 :
730 688 784 719 ubi
810 689 950 721 Christus
969 691 1095 732 mystice

85 756 99 769 ι
114 742 226 785 pannis
241 742 423 780 involvitur,
444 741 499 772 ubi
515 741 739 772 sacratissimus
759 743 826 783 ejus
851 743 974 783 sanguis
1000 744 1094 775 calice

84 794 242 834 nubatur,
279 794 334 826 ubi
361 794 546 837 aperiuntur
573 794 661 832 cmli,
697 794 841 825 assistunt
871 796 1003 837 Angeli,
1041 797 1094 828 ubi

83 854 236 880 »terrena
261 848 439 880 coelestibus
459 848 646 890 junguntur,
667 858 702 879 ae
727 848 855 890 Angelis
879 848 1020 880 homines
1039 853 1091 881 so-

82 916 96 929 ·
113 901 245 933 ciantur.
261 901 313 934 Sic
332 900 417 943 quod
436 901 533 932 sancti
556 904 664 932 Patres
682 901 901 940 instituerunt,
926 908 959 933 ut
976 902 1092 934 infirmi

83 969 96 982 υ
113 955 323 987 excitarentur
347 954 385 986 ad
412 954 560 986 affectum
585 954 729 996 pietatis,
758 954 790 985 iu
817 965 907 985 usum
927 957 1092 987 assumitur

81 1022 96 1036 ι
112 1008 226 1040 illicitae
249 1007 429 1051 voluptatis.
456 1010 530 1040 Non
555 1007 640 1039 enim
669 1007 775 1038 sensui
803 1007 1016 1049 prreferendus
1046 1016 1091 1041 est

82 1075 96 1088 ι
112 1071 226 1100 sonus,
245 1060 301 1093 sed
324 1071 418 1092 sonus
437 1071 508 1092 cum
526 1071 636 1098 sensu,
655 1060 695 1091 ad
711 1060 947 1092 incitamentum
964 1062 1091 1104 majoris

81 1128 95 1141 ι»
111 1113 262 1153 affectus,
281 1114 466 1157 plerumque
492 1114 712 1146 admittendus.
740 1113 877 1156 Ideoque
902 1115 973 1145 talis
998 1115 1091 1148 debet

79 1181 93 1194 ι
109 1177 176 1199 esse
197 1178 309 1206 sonus,
326 1174 390 1199 tam
409 1167 607 1206 moderatus,
630 1173 693 1199 tam
710 1168 828 1209 gravis,
846 1173 879 1199 ut
905 1178 969 1199 non
992 1174 1089 1200 totum

80 1234 94 1247 n
111 1220 251 1252 animum
270 1220 311 1252 ad
328 1221 376 1252 sui
390 1221 492 1263 rapiat
508 1220 749 1252 oblectationem
761 1245 768 1259 ‚
791 1221 846 1252 sed
867 1221 970 1252 sensui
991 1222 1090 1264 majo-

81 1287 95 1301 »
114 1284 182 1305 rem
204 1274 362 1316 relinquat
383 1274 572 1317 portionem.
597 1275 653 1306 Ait
675 1285 789 1317 nempe
812 1277 848 1306 Β.
874 1275 1085 1316 Augustinus,

81 1341 94 1354 n
111 1326 306 1359 Confession.
326 1327 384 1359 lib.
410 1331 464 1365 10,
487 1337 558 1370 cap.
578 1331 642 1360 33:
666 1331 815 1360 Mox-etur
837 1329 958 1359 animus
980 1328 1020 1359 ad
1042 1329 1087 1360 af-

79 1395 93 1408 »
110 1380 224 1412 fectum
247 1381 386 1424 pietatis,
410 1381 532 1413 cantico
550 1381 657 1412 audito
676 1392 684 1413 ε
704 1381 759 1412 sed
785 1381 810 1412 si
830 1382 927 1423 magis
954 1392 1064 1413 sonum
1076 1407 1083 1420 ,

78 1447 92 1461 n
109 1444 204 1476 quam
228 1445 352 1466 sensum
369 1458 378 1472 ,
405 1433 503 1465 libido
538 1434 686 1466 audiendi
716 1434 897 1473 desideret,
928 1435 1086 1478 improba-

78 1501 92 1514 »
108 1493 172 1519 tur.
197 1490 237 1519 Et
250 1488 325 1519 alias
343 1498 350 1520 :
369 1490 447 1520 Cum
471 1498 539 1525 me,
567 1487 689 1530 inquit,
716 1488 813 1530 magis
842 1494 965 1525 cantus,
992 1500 1086 1531 quam

30 1550 35 1555 ·
79 1555 92 1568 ι·
110 1540 207 1572 verba
229 1541 404 1579 delectant,
432 1541 598 1583 poenaliter
624 1552 675 1573 me
696 1552 839 1584 peccasse
856 1542 1024 1580 confiteor,
1056 1550 1086 1575 et

74 1608 88 1621 ι·
106 1594 230 1625 mallem
251 1605 317 1625 non
339 1594 449 1626 audire
465 1601 655 1627 cantantem.
680 1610 693 1622 n
722 1599 769 1627 Ita
787 1595 950 1627 Aelredus.
966 1599 1084 1628 Verum

71 1646 280 1689 colophonem
301 1647 442 1690 imponat
465 1658 603 1679 summus
626 1648 770 1680 Ecclesiae
791 1649 926 1686 Praesul,
946 1653 1085 1681 Joannes

71 1703 188 1739 XXII,
213 1707 245 1733 et
268 1701 344 1743 quid
359 1701 399 1733 de
421 1701 602 1743 hujusmodi
623 1701 740 1732 musica
767 1702 897 1740 sentiat,
923 1702 986 1734 imo
1009 1703 1085 1745 quid

71 1753 207 1792 sanciat,
235 1755 398 1786 audiamus
416 1766 424 1786 ε
443 1769 456 1782 «
474 1754 582 1786 Dulcis
607 1754 735 1785 omnino
757 1765 851 1786 sonus
872 1755 905 1786 in
924 1766 977 1787 ore
1000 1757 1083 1798 psal-

71 1808 236 1840 »lentium
258 1814 404 1847 resonat,
432 1818 504 1839 cum
531 1812 634 1840 Deum
663 1808 758 1839 corde
789 1808 978 1851 suscipiunt,
1010 1809 1084 1840 dum

69 1875 87 1888 κ
104 1860 276 1904 loquuntur
287 1861 391 1893 verbis
407 1872 414 1893 :
429 1862 462 1893 in
475 1862 577 1904 ipsum
592 1873 717 1904 quoque
729 1861 871 1893 cantibus
885 1862 1083 1894 devotionem

71 1928 85 1942 ι·
104 1915 291 1947 accendunt.
307 1915 386 1947 Inde
401 1915 516 1947 etenim
533 1915 566 1946 in
585 1915 720 1946 ecclesiis
741 1915 801 1946 Dei
823 1916 996 1957 psalmodia
1010 1927 1084 1947 cau-

70 1983 84 1996 n
102 1969 198 2001 tanda
213 1969 405 2012 praecipitur,
420 1976 456 2001 ut
469 1969 609 2000 fidelium
629 1969 755 2000 devotio
778 1969 930 2000 excitetur
947 1980 954 2000 :
974 1969 1006 2000 in
1023 1969 1083 2001 hoc

68 2037 86 2048 ι»
102 2029 291 2055 nocturnum
313 2023 525 2065 diui-numque
547 2023 685 2055 officium
696 2047 704 2060 ,
721 2029 751 2054 et
765 2023 934 2054 Missarum
950 2022 1081 2054 celebri-

68 2091 82 2104 »
101 2082 179 2108 tates
202 2077 325 2109 assidue
341 2077 425 2109 clero
451 2088 487 2109 ac
513 2077 631 2119 populo
656 2076 714 2107 sub
738 2082 862 2107 maturo
886 2082 1011 2114 tenore,
1034 2076 1082 2107 di-

68 2145 82 2159 ·
101 2131 275 2175 stinctaque
291 2132 473 2175 gradatione
490 2138 655 2164 cantantur
671 2142 678 2163 ε
697 2137 730 2162 ut
750 2131 860 2162 eadem
882 2131 1081 2164 distinctione

69 2199 85 2211 ›-
104 2185 284 2225 collibeant,
300 2192 331 2218 et
343 2186 523 2217 maturitate
536 2186 702 2217 delectent.
718 2185 778 2217 Sed
792 2186 935 2216 nonnulli
948 2187 1080 2217 novellae

67 2252 82 2266 ³
101 2238 215 2270 scholae
230 2239 393 2281 discipuli,
413 2239 488 2270 dum
510 2239 706 2281 temporibus
728 2238 946 2270 mensurandis
968 2239 1078 2281 invigi-

67 2304 81 2318 2·
101 2290 184 2330 tant,
197 2291 286 2323 novis
298 2292 384 2323 notis
394 2291 561 2323 intendunt
576 2302 584 2323 :
598 2291 714 2334 fingere
730 2302 813 2330 suas,
829 2302 924 2333 quam
936 2292 1078 2334 antiquas

66 2357 80 2372 ¹·
99 2351 226 2377 cantare
241 2346 362 2377 malunt
380 2356 388 2377 :
406 2345 440 2377 in
455 2345 646 2377 semibreves
662 2351 692 2377 et
710 2345 853 2376 minimas
872 2346 1077 2378 ecclesiastica

65 2410 80 2424 »
99 2404 276 2437 cantantur,
291 2398 408 2430 notulis
423 2399 650 2441 percutiuntur.
665 2400 746 2431 Nam
764 2399 916 2432 melodias
934 2398 1077 2441 hoquetis

65 2464 82 2476 ι»
99 2449 308 2488 intersecant,
340 2451 534 2483 discantibus
563 2451 739 2489 lubricant,
769 2452 870 2495 triplis
901 2459 932 2484 et
955 2453 1076 2484 metetis

64 2515 82 2528 v»
100 2503 280 2545 vulgaribus
303 2515 530 2547 nonnunquam
555 2505 731 2543 inculcant,
757 2505 836 2536 adeo
862 2511 897 2536 ut
918 2505 1076 2537 interdum

65 2568 80 2582 ¹0
99 2555 312 2599 antiphonarii
333 2563 363 2589 et
384 2558 540 2599 gradualis
563 2558 766 2590 fundamenta
779 2558 968 2601 despiciant3
988 2559 1074 2601 igno-

65 2621 80 2634 »
98 2615 168 2641 rent
193 2620 288 2652 super
311 2621 374 2652 quo
403 2611 576 2649 aedificant;
606 2618 696 2643 tonos
720 2612 879 2650 nesciant,
908 2623 985 2653 quos
1010 2623 1073 2643 non

65 2677 80 2689 ι·
99 2662 292 2704 discernunt,
307 2665 371 2696 imo
385 2665 580 2698 confundunt
595 2677 603 2698 :
618 2677 688 2697 cuin
702 2677 740 2697 ex
754 2677 862 2698 earum
874 2666 1074 2698 multitudine

64 2730 77 2743 ι»
96 2723 243 2749 notarum
263 2720 460 2752 ascensiones
483 2720 624 2763 pudicae,
652 2721 930 2762 descensionesque
953 2727 1072 2762 tempe-

63 2783 76 2796 »
95 2776 188 2809 ratae,
206 2771 294 2813 plani
318 2778 446 2812 cantus,
471 2773 586 2815 quibus
611 2775 678 2805 toni
704 2775 764 2816 ipsi
791 2780 1005 2812 secernuntur,
1033 2775 1070 2805 ad

63 2836 76 2848 n
95 2821 230 2854 invicem
251 2823 462 2857 obfuscentur.
478 2827 615 2858 Cui-runt
629 2827 731 2865 enim,
752 2834 783 2859 et
800 2838 865 2858 non
887 2826 1067 2868 quiescunt,

62 2888 76 2901 ι
95 2885 185 2907 aures
200 2876 377 2916 inebriant,
401 2884 432 2910 et
456 2889 522 2910 non
536 2879 724 2911 medentur:
740 2879 877 2921 gestibus
901 2879 1067 2918 simulant,

62 2941 78 2954 n
96 2928 182 2970 quod
201 2928 408 2972 depromunt,
426 2931 540 2973 quibus
562 2932 687 2964 devotio
709 2932 876 2974 quaerenda
898 2933 1070 2963 contemni-

11 3010 14 3012 ,
61 2994 76 3008 vv
92 2987 155 3021 tur,
179 2982 310 3014 vitanda
333 2984 460 3016 lascivia
477 2986 671 3028 propalatur.
690 2988 763 3018 N’on
789 2985 889 3023 enim,
912 3000 924 3011 n
947 2985 1066 3026 inquit,

61 3049 75 3062 ε
95 3034 210 3068 frustra
224 3036 292 3079 ipse
306 3038 452 3077 Boetius,
476 3039 609 3071 lascivus
631 3039 769 3073 animus.
785 3038 834 3068 vet
856 3037 1069 3069 lascivioribus

61 3100 75 3113 ι·
94 3087 265 3127 delectatur
286 3090 403 3127 modis,
423 3091 474 3122 vel
495 3092 622 3123 eosdem
643 3102 725 3134 saepe
746 3091 891 3127 audiens,
914 3090 1069 3121 emollitur

61 3153 76 3167 ι
95 3147 126 3172 et
151 3141 318 3185 frangitur.
347 3147 425 3176 Haec
449 3145 520 3176 ideo
547 3145 666 3176 dudum
691 3156 748 3176 nos
773 3151 803 3175 et
835 3144 944 3174 fratres
970 3143 1068 3174 nostri

61 3206 76 3220 ι·
94 3194 287 3226 correctione
312 3195 452 3238 indigere
485 3197 695 3240 percipimus3
726 3197 786 3228 hoc
818 3197 973 3237 relegare,
1004 3196 1067 3226 imo

60 3258 75 3272 ²·
90 3256 218 3288 prorsus
238 3248 387 3290 abjicere,
413 3256 444 3281 et
466 3250 505 3282 ab
531 3251 641 3282 eadem
662 3251 799 3282 Ecclesia
821 3250 879 3281 Dei
900 3249 1066 3291 profligare

61 3313 74 3326 ³⁸
93 3299 249 3333 efficacius
264 3313 488 3345 properamus,
506 3319 519 3331 n
540 3311 600 3336 etc.
622 3307 670 3336 Ita
687 3308 781 3336 Joan.
798 3306 900 3334 XXII
912 3327 919 3341 ,
935 3305 1063 3333 Exirav.

59 3362 139 3386 com.
151 3353 207 3387 lib.
225 3358 243 3387 3
255 3379 264 3394 ‚
280 3355 329 3388 tit.
345 3355 385 3388 (le
397 3357 469 3388 Vita
484 3364 513 3389 et
531 3357 607 3389 hon.
622 3358 732 3389 Cleric.
748 3367 816 3399 cap.
833 3367 885 3387 un.
901 3355 954 3386 ubi
973 3355 1064 3386 etiam

568 186 834 222 LECTIONES
865 189 1141 224 VARIANTES
1172 192 1230 226 ET
1261 194 1400 229 NOTA-2
1432 196 1474 230 Ft
1497 198 1674 233 mont-js.

2083 214 2129 248 Usa
2144 215 2152 249 i

1165 269 1322 310 subjungit
1358 273 1479 312 qualem
1509 275 1579 305 10111
1610 288 1674 307 csse
1703 281 1847 311 nutsit'anl
1877 290 1905 314 et
1935 294 2075 325 cantum,
2104 294 2154 333 qni

1167 323 1333 354 Ecclesiam
1352 326 1410 356 Dei
1429 326 1546 358 deccat.

1215 378 1277 407 717
1299 381 1338 408 Α.
1359 390 1398 407 Ab
1414 390 1610 411 umanum
1630 393 1776 414 ΑΒιςῃ-ῑλι
1791 398 1883 417 sxsct
1896 401 2105 426 naumurum.
2128 416 2151 419 —

1164 425 1265 458 Multa
1283 435 1355 459 sunt
1378 429 1409 459 in
1428 431 1535 461 Galliis
1560 434 1700 465 coenobia
1721 438 2001 473 Sancti-Michaelis
2020 455 2026 474 z
2046 457 2154 489 nempe

1163 479 1194 510 in
1223 483 1469 514 Monte-'l'tnnba
1495 495 1549 515 scu
1579 486 1610 516 in
1638 489 1779 519 l'ericnlo
1808 493 1917 530 maris,
1947 495 1985 525 ad
2014 501 2153 536 Mosam.

1162 534 1339 565 'tornodori
1354 536 1384 566 in
1401 538 1598 579 burgundia,
1618 540 1648 570 iu
1670 544 1780 573 Eremo
1793 545 1873 586 apud
1897 547 2054 587 Pictones,
2077 560 2105 583 vt
2124 555 2153 584 in

1163 588 1318 618 Terascia.
1336 590 1435 630 liujus
1462 591 1557 621 abbas
1582 592 1702 624 tidetur
1724 595 1816 627 fuisse
1842 599 2025 632 Lclbcrtus:
2055 605 2115 634 site
2135 607 2157 636 is

1162 639 1201 669 sit
1224 640 1387 677 Iilbertus¹
1412 643 1464 683 qni
1498 645 1642 675 Fusniari
1669 646 1770 677 locuni
1793 650 2013 684 Bai-tholomaeo
2039 657 2157 687 Laudu-

1163 692 1251 722 ncnsi
1265 694 1413 736 episcopo
1429 698 1581 728 concessit
1595 697 1631 727 ad
1651 702 1892 733 construendum
1908 705 2157 741 Cistvrciensiuin

1163 746 1339 776 ccrnobitnn
1355 757 1437 778 anno
1467 753 1473 778 1
1490 752 1543 779 121
1567 762 1575 786 ς
1594 751 1655 781 sixt*
1677 753 1872 786 Cislebcrtus
1891 758 1956 798 ejus
1975 770 2132 793 successor
2148 789 2154 799 ,

1161 796 1192 826 in
1207 797 1365 830 chartario
1383 806 1507 832 notatus
1521 813 1602 833 anno
1626 807 1722 841 1130,
1742 807 1821 837 alter
1835 809 1881 839 sui
1898 813 1999 842 saecnli
2016 814 2098 845 l'lato
2114 816 2155 846 di-

1161 856 1228 881 ctus
1242 852 1325 893 apud
1339 856 1556 886 Hcrmanntnn
1573 858 1809 890 Lauduuenscni
1829 864 2012 895 monaclunn
2032 866 2062 897 in
2078 868 2155 899 libro

1160 905 1252 936 tertio
1270 905 1308 937 de
1333 908 1494 939 Miracnlis
1513 912 1543 941 S.
1562 911 1688 949 Μαι-111»,
1722 924 1789 955 cap.
1818 918 1868 945 19.
1898 917 2022 948 simone
2041 922 2156 951 Sancti-

1159 958 1281 989 Nicolai
1302 959 1439 1001 abbate(
1453 961 1491 992 de
1508 973 1570 1004 quo
1587 975 1681 1005 snpra
1713 965 1744 996 in
1758 966 1885 1007 epi-stola
1902 972 1942 1000 83
1959 970 1970 1010 )
1998 971 2153 1011 defuncto,

1157 1009 1196 1039 ad
1214 1013 1538 1045 Sanctum-Nicolaum
1552 1040 1559 1053 ,
1587 1017 1668 1048 unde
1686 1027 1861 1061 assumptus
1888 1021 1989 1054 suerat
2005 1049 2012 1060 ,
2034 1037 2154 1058 reret-a-

1158 1067 1215 1094 1115.
1230 1066 1326 1095 Leoni
1346 1066 1451 1098 abbati
1472 1069 1538 1109 ejus
1559 1072 1728 1105 successori
1754 1075 1952 1107 Innocentius
1971 1080 1999 1108 II
2016 1078 2151 1121 diploma

1156 1115 1285 1157 largitur
1299 1128 1381 1149 anno
1402 1124 1498 1152 1138.

1204 1172 1267 1201 717
1294 1172 1329 1202 C.
1359 1173 1492 1213 perierat
1521 1179 1551 1204 et
1571 1174 1713 1207 inventus
1741 1184 1797 1209 est.
1821 1198 1865 1201 —
1892 1181 2002 1213 Iisdem
2025 1186 2151 1216 omniuo

1157 1221 1258 1253 verbis
1271 1223 1368 1254 utitur
1381 1225 1583 1257 Hildebertus
1602 1228 1633 1258 iu
1645 1229 1772 1271 epistola
1784 1234 1823 1262 23
1840 1256 1846 1269 ‚
1870 1243 1938 1273 qna·
1955 1241 1999 1265 est
2011 1237 2149 1277 ejusdem

1155 1286 1225 1306 cuin
1243 1277 1298 1307 ista
1314 1280 1502 1319 argumenti.
1520 1280 1636 1312 Confer
1647 1285 1830 1314 sententiam
1849 1285 2046 1319 'I'heodcmiri
2058 1290 2138 1322 abba

1154 1329 1193 1359 tis
1211 1330 1243 1360 in
1260 1332 1420 1372 Opuscnlo
1434 1335 1522 1363 Jonae
1539 1335 1774 1366 Aurelianensis
1789 1338 1924 1380 episcopi
1944 1348 2048 1372 contra
2062 1344 2149 1374 Clau<

1154 1380 1241 1412 dium
1268 1384 1496 1415 'l'aurinenseni
1521 1386 1559 1416 de
1585 1388 1885 1428 peregrinationibus
1913 1394 2146 1427 monachornm.

1202 1438 1265 1466 717
1294 1439 1334 1468 D.
1361 1439 1530 1470 Laeticusis.
1558 1459 1603 1462 —
1627 1441 1756 1473 Codices
1779 1445 1919 1475 nonnulli
1947 1446 2060 1479 liabent
2083 1452 2148 1478 Lm·-

1153 1490 1283 1526 cremis,
1307 1491 1390 1533 quod
1415 1492 1592 1524 coenobium
1609 1500 1654 1525 est
1669 1495 1794 1526 Ordinis
1809 1499 1839 1528 S.
1859 1499 2016 1531 Benedicti
2032 1501 2060 1531 in
2083 1502 2148 1532 lini-

1153 1542 1210 1573 bus
1231 1545 1404 1575 Hannonize
1425 1552 1455 1576 ct
1470 1547 1642 1583 Tcrasciae,
1671 1558 1827 1581 sacrarum
1845 1551 2018 1584 litterarum
2039 1556 2146 1586 studiis

1152 1602 1225 1628 tunc
1241 1609 1303 1629 non
1320 1599 1494 1637 inceleln'e,
1511 1607 1587 1632 tcste
1605 1601 1748 1645 Philippo
1765 1603 1803 1634 de
1823 1605 2020 1650 Eleemosyna
2035 1610 2066 1640 iu
2084 1611 2146 1652 cpi-

1150 1651 1231 1682 stola
1252 1654 1291 1682 24
1308 1676 1315 1689 ,
1338 1653 1539 1685 Bibliothecae
1561 1655 1775 1688 Cistercieusis
1792 1663 1876 1689 tomo
1901 1662 1931 1697 3,
1955 1662 2101 1703 religione
2115 1671 2144 1695 et

1150 1701 1302 1735 institutis
1322 1705 1471 1737 Ludovici
1489 1707 1602 1745 Blosii,
1622 1708 1749 1750 piissimi
1767 1710 1885 1742 abbatis
1900 1712 2018 1745 illustre
2039 1726 2046 1746 :
2062 1718 2144 1758 qnod

1150 1757 1366 1789 Theodericus
1383 1759 1421 1790 de
1441 1761 1587 1791 Avesniis
1606 1772 1623 1792 a
1649 1762 1861 1794 fundamentis
1880 1765 2061 1798 instauravit
2085 1770 2143 1801 sub

1149 1820 1268 1842 annum
1287 1815 1374 1844 1080
1389 1836 1396 1849 ‚
1420 1818 1452 1843 ut
1466 1813 1575 1844 scribit
1601 1814 1812 1846 Herimannns
1834 1817 1865 1847 in
1883 1817 2037 1860 Spicilegii
2060 1826 2143 1852 tomo

1155 1865 1212 1901 12,
1228 1874 1297 1906 pag.
1318 1868 1396 1896 413.
1412 1868 1553 1896 Guntero
1571 1866 1672 1908 primo
1690 1867 1795 1898 abbati
1818 1875 1886 1911 post
1902 1880 1999 1902 annos
2020 1873 2145 1914 regimi-

1149 1916 1199 1947 nis
1215 1915 1379 1948 duodecim
1406 1920 1557 1949 successit
1576 1919 1733 1951 homerus
1748 1944 1755 1958 ‚
1778 1928 1917 1954 mortuus
1936 1934 2019 1956 anno
2047 1930 2143 1958 1124.

1148 1970 1243 2000 Hunc
1259 1969 1381 2012 excepit
1394 1971 1562 2002 Vt'edricus
1573 1972 1822 2013 religiosissimus
1839 1974 1952 2012 abbas,
1967 1977 2019 2018 qui
2033 1977 2144 2009 biblio-

1149 2022 1272 2053 thecam
1289 2029 1319 2054 et
1337 2024 1420 2055 viros
1434 2035 1469 2055 ex
1492 2025 1658 2056 Hannonia
1681 2026 1748 2068 pios
1765 2033 1795 2058 et
1819 2027 1925 2060 doctos
1944 2031 2142 2071 conquisivit.

1146 2079 1242 2107 Auno
1264 2079 1348 2109 1147
1373 2088 1584 2109 successorem
1603 2078 1712 2110 habuit
1732 2082 1931 2113 'lescelinum

1147 2135 1216 2160 ctus
1234 2140 1317 2161 anno
1340 2134 1424 2163 1153
1446 2132 1598 2172 Helgotus
1619 2143 1657 2163 ex
1680 2134 1832 2165 monacho
1848 2136 2066 2169 Latiniacensi.
2090 2142 2141 2170 Au

1147 2182 1186 2213 ad
1209 2183 1392 2214 wedricum
1413 2191 1531 2226 spectet
1558 2184 1624 2215 litec
1649 2186 1795 2227 epistola,
1816 2188 1946 2219 aliorum
1971 2196 2036 2220 esto
2057 2191 2141 2232 judi-

1145 2236 1239 2267 cium.
1262 2255 1307 2259 -
1330 2238 1507 2269 Itlabillonii
1537 2239 1748 2280 conjecturam
1780 2242 1940 2273 confirmat
1966 2243 2142 2274 observatio

1144 2300 1277 2331 sequens
1304 2290 1462 2322 Edinundi
1491 2294 1636 2323 Martene
1665 2292 1697 2323 in
1719 2294 1920 2336 Amplissima
1949 2297 2140 2328 Collectione¹

1143 2349 1287 2374 veterum
1319 2344 1508 2386 scniptorum
1539 2351 1569 2375 et
1598 2353 1872 2378 monumentorum
1895 2372 1902 2385 ,
1931 2359 1998 2390 pag.
2033 2352 2095 2380 746
2130 2359 2137 2379 :

1143 2412 1155 2423 α
1180 2395 1316 2438 Epistola
1335 2399 1400 2428 400
1426 2396 1458 2427 in
1478 2402 1599 2428 vetusto
1619 2398 1727 2429 codice
1749 2400 2001 2431 Sancti-Martini
2019 2404 2138 2432 Torna-

1142 2466 1155 2477 »
1171 2451 1270 2481 censis
1291 2450 1373 2482 hanc
1395 2450 1519 2493 prcefert
1542 2451 1796 2493 inscriptionem,
1819 2453 1963 2497 Epistola
1984 2454 2137 2485 Ber-nardi

1142 2518 1154 2529 »ι
1173 2501 1218 2532 ad
1236 2503 1405 2533 [ferricum
1423 2519 1435 2529 »
1450 2504 1463 2543 (
1479 2514 1536 2545 pro
1557 2515 1618 2545 quo
1637 2505 1762 2535 nomine
1777 2505 1865 2536 facile
1887 2506 2000 2547 legitur
2020 2505 2136 2537 ll‘edm'-

1141 2568 1207 2586 cum
1221 2556 1233 2598 )
1251 2571 1263 2582 «
1284 2557 1452 2587 Leliensem
1469 2555 1610 2587 abbatem
1621 2581 1628 2595 ,
1646 2559 1735 2599 cujus
1751 2558 1902 2590 hactenus
1918 2570 2034 2590 nomen
2051 2560 2135 2601 igno·

1956 2094 1963 2114 :
1987 2083 2036 2114 cui
2053 2084 2144 2115 susse-

1140 2624 1152 2635 n
1172 2615 1236 2640 tum
1259 2609 1328 2640 fuit.
1349 2625 1361 2636 υ
1379 2611 1404 2649 †

1187 2665 1250 2693 718
1269 2666 1309 2694 Α.
1332 2662 1531 2694 obedientia.
1548 2681 1586 2685 —
1607 2662 1809 2699 obedientia,
1831 2666 1937 2702 Cella,
1958 2665 2128 2703 Prioratus,

1136 2727 1190 2747 seu
1209 2716 1279 2747 villa
1296 2740 1303 2753 ,
1327 2717 1377 2746 cui
1398 2716 1601 2758 procurandae
1615 2717 1682 2747 bini
1703 2723 1757 2748 aut
1776 2719 1878 2755 terni,
1900 2719 2042 2760 pluresve
2066 2730 2128 2750 mo-

1137 2770 1231 2801 nachi
1255 2769 1408 2800 destinari
1432 2770 1583 2801 solebant.
1611 2770 1737 2801 Cellulze
1762 2777 1912 2802 vocantur
1936 2771 1967 2802 in
1992 2772 2122 2814 epistola

1138 2826 1202 2854 254
1216 2847 1222 2857 ,
1237 2833 1269 2854 11.
1291 2827 1318 2854 1.

1185 2880 1249 2908 719
1264 2879 1303 2909 A.
1327 2888 1367 2906 AD
1393 2887 1590 2906 nsnntffmi
1612 2887 1851 2908 xowomexsmx
1879 2889 2070 2910 eviscere-³1.
2088 2897 2130 2901 ——

1134 2929 1272 2971 Epistola
1300 2928 1428 2970 capituli
1460 2928 1678 2959 Noviomensis
1703 2929 1742 2960 de
1767 2931 1833 2971 ejus
1861 2929 2012 2961 electione
2036 2931 2130 2962 habe-

1133 2988 1186 3013 tur
1199 2982 1308 3013 ordine
1325 2984 1367 3012 44
1383 2981 1463 3012 inter
1482 2981 1671 3023 Sngerianas
1686 2992 1694 3013 ι
1717 2982 1771 3013 ubi
1788 2983 1893 3025 plures
1907 2983 2048 3014 Balduini
2063 2985 2127 3025 jam

1134 3035 1272 3077 episcopi
1302 3034 1411 3065 litterae
1437 3034 1476 3065 de
1506 3035 1749 3076 Compendiensi
1770 3036 1900 3067 ecclesia
1931 3036 2126 3071 referuntur,

1133 3099 1246 3130 nempe
1270 3090 1344 3124 157,
1364 3090 1437 3121 158,
1461 3093 1493 3118 et
1520 3090 1595 3118 162.
1622 3091 1667 3119 Ex
1689 3089 1785 3130 priori
1809 3089 1977 3130 Sngeriana
1999 3089 2126 3130 epistola

1135 3143 1174 3173 44
1193 3146 1332 3178 constat,
1348 3140 1536 3171 Balduinum
1557 3140 1641 3171 1111110
1662 3141 1763 3183 ipsum
1777 3153 1844 3173 esse
1860 3142 2004 3172 abbatem
2021 3141 2058 3171 dc
2073 3144 2129 3172 Cn-

1131 3196 1292 3232 stellione,
1313 3194 1351 3225 ad
1369 3206 1463 3236 quem
1484 3195 1634 3225 Bernardi
1658 3196 1787 3237 epistola
1809 3199 1886 3232 279,
1904 3201 1933 3225 et
1957 3205 2023 3234 qua¹
2044 3204 2126 3223 nunc

1131 3255 1178 3280 est
1200 3251 1276 3280 401.
1295 3247 1382 3279 Idem
1398 3248 1566 3279 subscribit
1580 3248 1716 3290 epistolae
1733 3252 1809 3285 426,
1824 3247 1874 3278 hic
1892 3248 1922 3277 in
1933 3245 2124 3288 Appendice.

1181 3305 1246 3334 719
1276 3303 1310 3333 C.
1334 3314 1375 3332 An
1404 3313 1578 3332 uexmccn
1611 3311 1949 3332 ancmnmcoxmn—
1966 3298 2121 3328 Henricns

1131 3355 1283 3387 Ludovici
1302 3355 1444 3388 Junioris
1471 3355 1590 3392 frater,
1608 3366 1665 3397 per
1688 3354 1716 3386 id
1746 3360 1864 3396 teinpus
1891 3357 1953 3383 erat
1977 3350 2126 3382 archidia-
