2517 3936
119 192 216 228 1473

777 194 921 227 LIBER
951 195 1015 228 DE
1044 194 1157 228 VITA
1187 192 1224 227 S.
1257 194 1536 232 MALACHIAE.

2089 212 2180 249 147²«

114 283 189 319 que
215 267 550 319 deprehendisset,
574 266 823 316 malignitates
844 268 1028 305 immissas
1054 265 1175 319 per⁰⁰¹
1191 276 1385 316 notescat,
1417 273 1565 320 qualem
1599 274 1635 309 in
1667 277 1818 315 scicntia
1839 292 2052 323 sanctorum
2077 291 2187 326 Mala-

115 330 270 379 angelos
298 329 430 365 malos.

172 390 207 427 7.
233 389 408 438 Denique
440 387 631 437 quidquid
663 388 984 437 incompositum,
1017 389 1126 438 quid-

117 449 210 498 quid
244 449 494 495 indecorum,
527 447 713 498 quidquid
736 447 937 484 distortum
969 448 1125 485 obvium

117 508 336 556 habuisset,
355 522 434 545 non
456 508 638 558 parcebat
660 508 792 545 oculus
809 507 891 556 ejus
914 523 922 545 z
942 508 1006 545 sed
1022 510 1127 546 velut

118 569 267 620 grando
299 582 452 619 grossos
479 582 499 606 e
528 568 699 614 ficubus,
729 576 766 604 et
804 568 903 604 sicut
928 569 1125 618 pulverem

117 638 256 666 ventus
274 643 294 666 a
314 629 409 666 facie
434 637 563 674 terrae,
590 628 642 665 sic
669 640 797 664 coram
831 628 924 664 facie
954 641 1022 664 sua
1052 629 1127 665 hu-

116 689 288 740 jusmodi
308 688 502 726 nitebatur
522 697 644 725 totum
662 701 734 738 pro
757 687 904 725 viribus
921 688 1127 725 exturbare

120 765 163 789 ac
186 750 314 788 delere
343 749 389 786 de
414 749 562 799 populo
592 762 673 785 suo.
693 752 740 786 Et
767 762 839 798 pro
861 748 918 785 his
948 748 1128 791 omnibus

121 810 296 849 tradebat
310 809 400 860 jura
415 809 582 847 coelestia
603 810 770 860 optimus
791 810 995 860 legislator.
1013 814 1132 860 Leges

125 871 241 909 dabat
270 871 402 922 plenas
431 869 609 920 justitiae,
637 870 770 920 plenas
796 870 992 908 modestiae
1009 880 1047 908 et
1066 871 1134 908 ho-

123 931 234 969 nesti.
262 930 336 969 Sed
361 939 400 967 et
421 930 649 980 apostolicas
669 930 885 967 sanctiones
913 944 956 968 ac
982 931 1134 968 decreta

123 999 343 1030 sanctorum
358 994 513 1029 Patrum
525 1019 534 1036 ,
549 990 819 1040 praecipueque
839 991 1134 1029 consuetudines

1139 327 1289 365 Achias
1327 330 1501 368 habuerit
1535 344 1820 384 praeceptorem.
1859 346 2019 382 Puerum
2063 360 2186 386 mente

1191 398 1342 439 captum
1361 420 1370 436 ,
1403 404 1449 427 ex
1481 391 1537 428 his
1571 406 1667 441 quos
1697 395 1879 435 lunaticos
1907 415 2063 449 vocant,
2089 408 2187 446 inter

1191 450 1496 486 confirmandum
1528 463 1632 487 sacra
1654 454 1829 491 unctione
1851 462 2005 498 sanavit.
2030 468 2108 501 Hoc
2138 467 2186 503 ita

1193 516 1328 544 notum
1361 517 1585 558 certumque
1616 510 1705 556 fuit,
1741 521 1782 548 ut
1815 515 1916 553 illum
1939 532 2025 556 mox
2048 527 2189 562 consti<

1195 567 1309 603 tuerit
1343 568 1538 604 ostiarium
1571 569 1706 606 domus
1741 585 1831 619 suae,
1855 576 2063 628 vixeritque
2092 584 2188 620 idem

1194 639 1290 675 puer
1310 627 1510 664 incolumis
1531 629 1568 665 in
1596 643 1641 665 eo
1672 631 1797 668 officio
1828 647 1945 684 usque
1976 639 2021 674 ad
2048 641 2189 679 virileni

1193 695 1355 724 aetatem.
1379 689 1502 726 Surdo
1530 690 1699 727 auditum
1730 694 1913 733 restituit:
1940 698 1975 733 in
1998 713 2074 748 quo
2095 702 2191 740 idem

1198 746 1378 784 mirabile*
1406 749 1587 798 quiddam
1621 752 1815 790 confessus
1860 765 1935 802 est,
1969 760 2069 808 quod
2109 776 2193 799 cum

1199 816 1349 844 sanctus
1395 809 1548 859 utrique
1593 812 1770 848 auriculae
1803 814 1890 851 hinc
1939 817 2026 855 inde
2062 820 2196 864 digitos

1198 868 1426 916 immisisset,
1450 870 1546 907 duos
1574 873 1679 921 quasi
1710 876 1898 923 porcellos
1915 890 1958 914 cx
1982 879 2070 928 ipsis
2096 861 2198 919 exire

1200 930 1368 966 senserit.
1405 934 1478 967 Pro
1509 931 1565 968 his
1603 941 1716 981 atque
1746 933 1962 982 hujusmodi
1984 939 2079 976 fama
2114 955 2197 978 cre-

1200 988 1419 1037 brescente,
1450 1004 1595 1028 nonien-
1620 993 1761 1041 grande
1794 995 1952 1046 adeptus
1972 1008 2028 1035 est
2053 1015 2060 1036 :
2083 1001 2132 1038 ita
2158 1012 2198 1037 ut

124 1059 264 1089 sanctae
294 1055 478 1089 Romanae
504 1050 701 1097 Ecclesiae,
723 1050 763 1087 in
793 1051 938 1088 cunctis
967 1052 1134 1088 ecclesiis
1155 1047 1182 1082 Β
1203 1049 1249 1086 ad
1271 1063 1356 1086 eum
1379 1052 1499 1097 Scoti,
1521 1051 1755 1103 Hibernique
1785 1056 2038 1105 confluerent,
2060 1069 2094 1096 et
2118 1070 2197 1098 tan—

125 1110 328 1149 statuebat.
351 1112 452 1149 Hinc
479 1119 556 1157 est,
582 1110 688 1161 quod
710 1111 902 1161 hodieque
930 1111 968 1148 in
994 1112 1067 1148 illis
1088 1111 1136 1149 ad

125 1173 240 1210 horas
266 1173 468 1210 canonicas
483 1180 658 1209 cantatur
684 1180 721 1209 et
740 1173 916 1222 psallitur
928 1172 1039 1221 juxta
1054 1186 1138 1209 mo-

126 1247 205 1271 rem
223 1234 412 1271 universae
426 1242 547 1270 terrae.
563 1236 656 1270 Nam
677 1233 833 1270 minime
847 1233 885 1270 id
903 1242 989 1270 ante
1010 1233 1137 1281 fiebat,

127 1307 174 1331 ne
197 1295 236 1331 in
257 1294 409 1331 civitate
424 1293 592 1344 quidem.
614 1297 699 1344 Ipse
714 1307 805 1331 vero
827 1295 866 1331 in
883 1294 1140 1331 adolescentia

126 1364 280 1393 cantum
295 1354 503 1401 didicerat,
524 1363 562 1391 et
582 1355 620 1391 in
645 1368 715 1392 suo
743 1354 921 1392 coenobio
943 1369 1033 1392 mox
1053 1369 1138 1392 can-

129 1415 201 1453 tari
221 1415 327 1462 fecit,
363 1429 450 1452 cum
472 1415 637 1452 necdum
663 1415 701 1452 in
723 1415 892 1462 civitate,
914 1428 980 1452 seu
1001 1415 1040 1452 in
1057 1415 1137 1466 epi—

128 1485 291 1528 scopatu
317 1476 499 1514 universo
518 1481 676 1513 'cantare
711 1476 870 1521 scirent,
893 1477 953 1513 vel
982 1476 1136 1513 vellent.

127 1536 277 1575 Deinde
304 1550 416 1574 usum
445 1535 742 1573 saluberrimum
771 1536 1049 1582 Confessionis‚
1078 1549 1139 1573 sa-

129 1605 367 1635 cramentum
381 1597 713 1643 Confirmationis,
737 1605 976 1633 contractum
1005 1596 1135 1646 conju-

96 1681 102 1684 ·
130 1658 280 1707 giorum
293 1685 304 1703 ‚
328 1670 415 1707 quae
435 1656 565 1694 omnia
584 1665 650 1694 aut
665 1656 915 1707 ignorabant,
937 1666 1003 1694 aut
1020 1657 1141 1707 negli-

130 1716 508 1767 gebant‚Malachias
530 1715 577 1752 de
605 1729 708 1752 novo
726 1716 901 1752 instituit.
932 1719 978 1752 Et
1010 1716 1057 1752 de
1084 1716 1142 1752 his

130 1776 202 1813 ista
222 1780 296 1826 pro
313 1776 491 1826 exemplo
517 1776 720 1813 sufficiant.
742 1780 837 1813 Nam
857 1784 894 1812 et
920 1789 990 1826 per
1020 1784 1140 1812 totum

1203 1123 1316 1159 quam
1343 1124 1441 1147 unus
1467 1113 1636 1149 omnium
1658 1122 1764 1162 pater
1784 1114 1830 1151 ab
1858 1118 2034 1155 omnibus
2055 1121 2193 1158 colere-

1206 1177 1279 1206 tur.
1312 1170 1371 1207 Ad
1402 1170 1502 1207 hunc
1534 1184 1623 1220 ergo
1656 1173 1878 1221 Malachias,
1908 1187 2059 1227 accepta
2079 1178 2198 1216 bene-

1206 1229 1372 1267 dictione
1402 1231 1519 1280 patris
1547 1232 1695 1278 Imarii,
1718 1242 1754 1269 et
1777 1233 1824 1270 ab
1847 1236 2026 1286 episcopo
2047 1240 2199 1286 nussim,

1206 1304 1291 1327 cum
1326 1304 1509 1341 prospere
1548 1294 1800 1341 pervenisset,
1838 1294 2000 1346 benigne
2047 1312 2066 1335 a
2113 1314 2200 1337 sene

1207 1360 1404 1402 susceptus
1428 1358 1483 1389 est
1506 1367 1514 1388 ε
1536 1353 1601 1402 qui
1621 1366 1739 1390 annos
1760 1355 1902 1404 aliquot
1928 1370 2011 1393 cum
2031 1372 2076 1395 eo
2098 1373 2199 1396 man-

1206 1412 1265 1457 sit,
1290 1421 1332 1448 ut
1350 1426 1418 1462 per
1445 1412 1541 1448 hanc
1562 1414 1743 1462 temporis
1767 1427 1910 1451 moram
1930 1416 2097 1454 hauriret
2117 1420 2201 1468 ple-

1206 1473 1290 1509 nius
1305 1472 1351 1509 de
1368 1481 1521 1522 pectore
1539 1480 1733 1519 veterano,
1756 1474 1876 1511 sciens
1891 1477 2086 1526 scriptum,
2106 1479 2201 1526 Quia

1206 1539 1245 1570 in
1267 1538 1432 1582 antiquis
1449 1542 1503 1568 est
1518 1538 1704 1581 sapientia
1727 1541 1750 1570 ¹.
1771 1534 1841 1572 Sed
1863 1548 1931 1571 nec
1954 1535 2026 1572 hoe
2051 1551 2202 1587 quoque

1207 1595 1254 1632 ad
1289 1608 1437 1631 causan]
1477 1594 1638 1630 defuisse
1671 1608 1757 1631 reor
1772 1624 1780 1640 ‚
1812 1596 1914 1644 quod
1952 1610 2105 1646 magnus
2142 1599 2203 1635 ille

1206 1655 1386 1692 Provisor
1405 1655 1670 1691 universorum
1690 1655 1811 1691 voluit
1834 1669 1983 1692 servum
2004 1670 2113 1693 suum
2127 1662 2204 1695 Ma·

1207 1716 1366 1753 lachiam
1404 1715 1442 1751 in
1474 1715 1558 1751 loeo
1588 1723 1661 1751 tam
1693 1714 1833 1751 celebri
1854 1724 1987 1752 notum
2017 1718 2097 1753 fieri
2126 1732 2205 1754 om-

1210 1776 1342 1821 nibus,
1365 1776 1431 1825 qui
1452 1783 1532 1811 erat
1549 1774 1726 1811 omnibus
1744 1776 1979 1824 profuturus.
2003 1780 2078 1814 Nec.
2104 1779 2203 1815 enim

131 1836 301 1874 historiae
317 1845 462 1874 textum
477 1865 487 1884 ‚
507 1835 705 1872 brevitatis
727 1835 853 1873 studio
871 1837 1037 1886 plurima
1051 1849 1147 1886 prae-
1162 1838 1189 1874 C
1211 1845 1362 1889 poterat
1388 1850 1464 1873 non
1498 1849 1577 1872 esse
1606 1844 1751 1885 gratus,
1773 1836 1910 1885 quibus
1934 1847 2044 1874 notus
2067 1839 2204 1876 fuisset.

133 1896 304 1935 terimus.

491 2022 669 2061 CAPUT
700 2023 770 2062 IV.

229 2140 357 2173 Malcho
371 2139 519 2182 episcopo
532 2139 655 2182 plenius
672 2138 882 2171 instituendus
901 2139 1050 2171 adhaeret.

192 2263 227 2299 8.
249 2265 344 2300 Cum
370 2270 468 2298 esset
496 2261 551 2298 illi
575 2260 743 2298 studium
766 2269 803 2297 et
825 2261 927 2297 zelus
958 2260 1147 2297 maximus

136 2323 237 2360 circa
253 2322 398 2359 cultum
419 2321 638 2358 divinorum
658 2330 697 2358 et
711 2322 995 2358 venerationem
1015 2325 1148 2360 Sacra-

139 2379 376 2428 mentm-uin,
394 2395 442 2418 ne
463 2381 560 2418 forte
581 2381 627 2418 de
653 2381 710 2418 his
734 2374 876 2431 aliquid
896 2382 1148 2418 constitueret

137 2443 201 2480 vel
219 2442 375 2479 doceret
403 2454 534 2488 secus,
563 2455 678 2491 quam
699 2441 794 2478 ritus
815 2440 972 2478 haberet
988 2442 1147 2478 univer-

139 2503 228 2541 salis
247 2502 447 2550 Ecclesiae3
466 2502 582 2540 subiit
601 2502 771 2539 animum
791 2502 896 2539 adire
923 2502 1146 2552 episcopum

139 2563 332 2601 Malchum
359 2569 389 2609 ³,
413 2563 481 2612 qui
512 2576 552 2600 se
582 2563 733 2613 plenius
759 2562 805 2599 de
832 2563 1010 2600 omnibus
1028 2563 1148 2600 infor-

1212 1897 1388 1946 Denique
1421 1910 1539 1933 unum
1566 1896 1717 1932 interim
1753 1896 1910 1943 accidit,
1936 1910 2004 1946 per
2033 1898 2133 1946 quod
2163 1913 2209 1935 ex

1212 1959 1338 2008 aliqua
1354 1966 1462 2008 parte
1480 1956 1584 2006 quod
1600 1964 1732 1992 notum
1757 1959 1837 1992 Deo
1859 1966 1938 1993 erat
1957 1957 1995 1993 in
2027 1958 2104 2004 illo,
2131 1972 2210 1995 ma-

1212 2020 1391 2057 nifestum
1420 2018 1507 2055 fecit
1530 2016 1760 2053 hominibus.

1265 2082 1301 2117 9.
1323 2083 1428 2117 Inter
1441 2082 1581 2127 Regem
1596 2076 1802 2113 Mumoniae
1818 2075 1831 2114 (
1845 2089 1927 2125 quae
1943 2085 1999 2112 est
2018 2076 2209 2114 Hiberniae

1212 2154 1300 2192 pars
1321 2138 1520 2188 australis)
1550 2146 1587 2174 et
1616 2149 1835 2186 germanum
1863 2135 1944 2184 ejus
1974 2144 2057 2172 orta
2078 2136 2208 2173 simul-

1214 2210 1310 2247 tate,
1338 2209 1376 2237 et
1410 2200 1523 2235 fratre
1566 2197 1662 2234 facto
1699 2196 1909 2246 superiori,
1942 2194 2049 2233 Rexb
2077 2196 2208 2245 pulsus

1213 2275 1346 2311 regno,
1378 2259 1548 2308 confugit
1578 2257 1624 2294 ad
1654 2257 1873 2306 episcopum
1894 2255 2094 2291 Malchum.
2123 2258 2207 2291 Non

1215 2330 1341 2358 tamen
1368 2328 1410 2357 ut
1442 2332 1514 2368 ope
1544 2318 1641 2354 illius
1661 2329 1817 2365 regnum
1848 2322 2089 2364 recuperaret
2113 2314 2207 2350 :sed

1214 2382 1332 2432 magis
1361 2382 1538 2431 princeps
1573 2378 1731 2414 devotus
1761 2375 1863 2411 dedit
1893 2376 2015 2411 locum
2048 2374 2136 2420 irae,
2172 2383 2208 2411 et

1214 2442 1473 2480 necessitatem
1504 2440 1541 2475 in
1572 2439 1749 2474 virtutem
1780 2435 1983 2479 convertit,
2021 2434 2204 2483 privatam

1214 2504 1355 2553 eligens
1369 2501 1505 2537 ducere
1522 2499 1648 2535 vitam.
1667 2500 1835 2545 Cumque
1849 2495 2047 2544 episcopus
2065 2497 2204 2542 Regem

1214 2564 1405 2613 suscipere
1437 2560 1563 2597 debito
1600 2559 1744 2594 honore
1774 2563 1939 2605 pararet,
1972 2552 2103 2590 abnuit
2130 2553 2205 2598 ille,

141 2632 276 2661 maret.
294 2623 366 2660 Hic
394 2632 476 2660 erat
503 2637 620 2661 senex
648 2624 784 2674 plenus
805 2623 953 2661 dierum
971 2633 1008 2662 et
1028 2625 1145 2662 virtu·
1161 2627 1195 2660 D
1214 2638 1252 2661 se
1275 2623 1384 2661 malle
1413 2619 1588 2669 inquiens
1619 2626 1796 2665 tanquam
1831 2626 1948 2650 unum
1972 2626 2017 2649 ex
2037 2613 2108 2648 illis
2129 2625 2208 2648 esse

118 2693 247 2735 Vtum,
287 2691 325 2720 et
354 2683 540 2733 sapientia
572 2684 643 2721 Dei
678 2693 760 2721 erat
792 2684 832 2721 in
875 2685 955 2722 illo.
986 2687 1147 2723 Ratione

143 2744 299 2795 quidem
327 2743 540 2791 Hibernus,
574 2744 640 2781 sed
666 2745 706 2782 in
733 2746 870 2795 Anglia
902 2755 1149 2784 conversatus

145 2806 268 2842 fuerat
303 2804 342 2842 in
376 2804 509 2842 habitu
552 2813 591 2842 et
630 2806 831 2856 proposito
866 2807 1081 2844 monachali
1111 2808 1149 2844 in

143 2865 400 2904 XVintoniensi
416 2866 647 2903 monasterio
667 2879 675 2901 ε
697 2865 743 2903 de
761 2880 838 2916 quo
861 2876 1078 2918 assumptus
1097 2876 1152 2904 est

142 2927 184 2964 in
200 2927 423 2978 episcopum
450 2927 489 2963 in
511 2930 672 2964 Lesmor
691 2927 842 2964 civitate
862 2928 1069 2964 Mumoniae
1087 2943 1094 2964 :
1116 2936 1154 2964 et

144 2987 227 3038 ipsa
245 2986 417 3031 ,nobilior
435 2987 536 3024 inter
553 2995 707 3024 caeteras
722 2987 828 3036 regni
848 2987 960 3024 illius.
975 2987 1034 3025 Ibi
1051 2996 1154 3024 tanta

146 3047 182 3085 ei
218 3047 384 3097 desuper
417 3047 555 3084 collata
583 3055 640 3085 est
672 3047 815 3097 gratia,
847 3056 891 3084 ut
926 3061 1005 3085 non
1038 3047 1154 3085 modo

146 3106 224 3143 vita
248 3115 286 3143 et
317 3105 514 3154 doctrina,
543 3106 609 3144 sed
636 3115 674 3143 et
707 3107 823 3157 signis
843 3108 1017 3144 clareret.
1047 3111 1154 3155 Quo-

150 3179 234 3203 rum
255 3165 333 3202 duo
353 3179 459 3216 pono
480 3167 645 3217 exempli
671 3180 804 3214 causa3
829 3175 872 3203 ut
890 3167 1068 3204 omnibus
1099 3168 1156 3204 in-

200 3300 211 3316 ¹
234 3293 297 3326 Job
316 3305 367 3324 ΧΠ
385 3318 394 3333 ,
420 3298 471 3326 12.

199 3360 212 3376 ³
238 3355 344 3394 Alias,
367 3354 562 3386 Mulucham.
585 3373 626 3377 —
644 3355 659 3376 ¹³
677 3357 861 3388 Cormarcus
878 3368 884 3388 z
901 3358 972 3388 vide
986 3357 1066 3388 infra
1078 3382 1086 3397 ,
1103 3368 1133 3388 n.
1154 3359 1208 3387 18.

311 3429 403 3452 ΤΟΜ.
435 3430 479 3452 11.

1214 2681 1448 2735 pauperibus
1481 2677 1656 2715 fratribus
1684 2676 1748 2725 qui
1779 2674 1832 2710 illi
1861 2673 2117 2717 adliaererent3
2147 2685 2209 2708 re-

1215 2745 1317 2795 gium
1339 2743 1473 2779 fastum
1491 2739 1682 2787 deponere
1696 2765 1705 2781 ,
1722 2743 1758 2771 et
1777 2733 1969 2770 communi
1987 2740 2209 2782 paupertate

1217 2806 1297 2842 fore
1343 2808 1563 2839 contentum
1579 2827 1589 2844 ,
1627 2803 1844 2845 exspectare
1892 2793 2018 2843 potius
2057 2792 2213 2829 Domini

1218 2866 1472 2906 voluntatem,
1502 2870 1612 2908 quam
1634 2869 1703 2906 per
1732 2855 1807 2891 vim
1835 2854 2002 2903 recipere
2027 2865 2210 2901 regnum3

1220 2939 1289 2963 nec
1322 2923 1418 2959 velle
1446 2932 1516 2970 pro
1551 2930 1619 2954 suo
1647 2916 1793 2952 honore
1815 2922 1966 2950 terreno
1995 2912 2212 2960 sanguinem

1220 2987 1427 3022 humanum
1450 2976 1645 3016 effundere
1661 3004 1670 3021 ,
1693 2975 1759 3024 qui
1787 2981 1920 3010 contra
1945 2985 1983 3008 se
2006 2972 2140 3008 clamet
2169 2969 2215 3005 ad

1223 3049 1344 3083 Deum
1362 3042 1408 3078 de
1426 3049 1536 3076 terra.
1556 3041 1640 3085 Quo
1653 3035 1782 3072 audito
1794 3064 1803 3081 ,
1820 3033 1981 3070 exsultat
2004 3031 2215 3080 episcopus,

1222 3114 1259 3143 et
1279 3103 1484 3141 admiratus
1510 3097 1774 3142 devotionem,
1796 3093 1970 3131 satisfacit
1993 3099 2095 3127 voto.
2118 3088 2216 3137 Quid

1224 3165 1359 3217 plura?
1392 3159 1570 3198 Traditur
1601 3158 1694 3207 Regi
1731 3153 1961 3206 paupercula
1992 3151 2126 3187 domus
2169 3147 2215 3184 ad
