2533 3920
370 189 440 226 187

361 387 469 437 quasi
486 400 603 436 parva
628 386 706 422 liaec.
723 386 821 422 mala
849 395 1002 432 essent,
1027 387 1131 436 quod
1157 397 1195 424 et
1224 390 1368 437 victus,

361 455 399 483 et
423 447 543 483 oculis
565 445 720 482 orbatus
752 445 895 492 fuerat,
931 459 989 482 res
1021 447 1054 483 ei
1086 460 1219 485 omnes
1249 462 1325 486 suae
1349 464 1370 486 a

361 507 543 543 ministris
561 506 695 543 vestris
708 534 717 551 ‚
741 505 932 555 sicutipse
951 508 1220 556 conqueritur,
1235 508 1370 546 ablatae

361 575 462 602 sunt.
489 569 639 602 Justum
665 574 745 611 est,
768 565 797 602 si
819 565 927 602 vobis
949 567 1097 616 placet,
1134 576 1175 604 ut
1192 569 1224 605 ei
1245 578 1369 607 vestra

360 626 500 676 pietate
522 626 742 663 restituatur
755 655 764 672 ‚
785 625 887 662 unde
903 626 1041 664 misera
1059 627 1140 676 ejus
1154 629 1232 665 vita
1250 630 1370 679 possit

361 694 569 736 utcumque
598 686 811 723 sustentari.
847 686 919 723 Sed
951 695 989 723 et
1031 688 1115 725 filiis
1146 687 1228 737 ejus
1255 689 1369 726 inno-

361 746 533 784 centibus
564 747 684 797 patris
707 746 888 797 iniquitas
910 760 987 784 non
1016 747 1130 786 debet
1158 750 1339 800 imputari
1361 765 1369 786 :

361 808 569 857 quominus
609 815 768 857 paterna
787 836 796 854 ‚
825 808 854 844 si
891 821 966 858 qua
1000 818 1115 856 sunt,
1147 809 1373 847 haereditent

359 867 527 904 aedificia.

414 929 449 965 4.
477 932 523 965 In
558 929 632 964 fine
658 927 836 964 volumus
864 941 931 965 vos
966 937 1116 966 sanctos
1145 930 1370 980 episcopos,

363 988 429 1038 qui
448 1001 519 1038 pro
537 987 594 1024 his
622 1000 707 1037 quae
732 987 779 1023 ad
800 991 923 1025 Deum
944 989 1162 1038 pertinent,
1184 990 1222 1025 in
1244 999 1371 1027 vestra

360 1048 513 1084 civitate
536 1054 824 1092 convenerunt,
846 1047 953 1083 omni
979 1046 1118 1084 habere
1149 1049 1370 1098 acceptione

361 1107 508 1156 dignos.
531 1106 603 1144 Sed
623 1114 660 1142 et
681 1106 752 1155 ipsi
775 1109 916 1155 Legato
931 1135 941 1152 ‚
959 1107 1024 1156 qui
1044 1120 1113 1144 vos
1129 1117 1373 1158 vestramque

358 1167 548 1204 civitatem
590 1166 684 1202 tanti
721 1164 978 1203 celebratione
1021 1168 1174 1204 concilii
1195 1175 1209 1191 ‘¹
1252 1169 1374 1206 voluit

359 1227 570 1271 honorare,
601 1238 670 1275 per
690 1225 842 1272 omnia,
878 1234 1063 1276 quantum
1094 1227 1131 1264 in
1163 1227 1272 1265 vobis
1293 1237 1370 1274 est,

361 1287 524 1324 devotus
543 1294 581 1323 et
601 1285 783 1323 obediens
806 1287 1003 1333 assistatis;
1025 1287 1208 1325 roborare
1230 1297 1267 1325 et
1284 1303 1374 1326 con—

365 1348 515 1384 firmare
540 1346 643 1383 bona
665 1359 826 1396 quaeque
855 1345 902 1383 ab
923 1360 968 1384 eo
995 1347 1101 1396 jussa
1117 1356 1155 1385 et
1174 1348 1368 1395 instituta,

363 1407 514 1443 curetis.
550 1410 731 1444 ‘Nostrum
761 1420 916 1456 quoque
954 1421 997 1444 ac
1024 1416 1193 1444 vestrum
1229 1409 1374 1458 pariter

361 1467 583 1516 episcopum
595 1494 604 1510 ‚
623 1465 662 1502 id
680 1473 737 1502 est
755 1466 1035 1515 Lingonensem
1049 1497 1059 1514 ,
1087 1467 1370 1513 abundantiori,

359 1534 401 1563 ut
421 1527 551 1573 decet,
573 1527 722 1562 honore
746 1527 983 1577 suscipiatis;
1005 1537 1041 1565 et
1061 1528 1107 1564 de
1125 1538 1342 1566 casamento
1357 1527 1374 1551 ¹¹

363 1586 467 1636 quod
490 1587 643 1633 tenetis,
666 1586 906 1623 hominiumc
935 1587 1039 1637 quod
1070 1588 1235 1635 debetis,
1265 1603 1375 1627 reve-

362 1655 491 1683 renter
511 1647 545 1683 ei
567 1655 605 1683 et
623 1647 819 1684 humiliter
838 1648 1020 1685 offeratis.
1042 1649 1184 1686 Valete.

402 1791 646 1800 zxnnzzxszsnzmznz
653 1790 937 1800 ========smv=x=====u
943 1790 1213 1801 u=====mv==¹==nx==x=
1220 1792 1340 1801 xmus-nux
1346 1793 1371 1801 ιι

573 1926 947 1983 EPISTOLA
1007 1916 1157 1983 XL.d

741 2089 789 2110 AD
815 2088 977 2111 EUMDEM
983 2104 990 2112 .

457 2213 629 2252 Pauperem
651 2210 831 2253 religiosum
856 2210 1042 2243 Theobaldo
1068 2212 1278 2244 commendat.

417 2336 504 2370 Duo
540 2332 650 2369 vobis
679 2333 992 2371 commendamus
1026 2334 1064 2371 in
1109 2334 1266 2371 homine
1300 2335 1374 2372 isto

365 2406 478 2443 quem
499 2392 636 2429 videtis
651 2422 660 2439 ‚
679 2402 945 2443 paupertatem
964 2402 1001 2430 et
1017 2394 1242 2444 religionem
1256 2424 1265 2441 ,
1286 2403 1328 2432 ut
1344 2395 1374 2432 si

362 2454 431 2490 uni
458 2467 533 2490 non
568 2454 857 2503 compatimini,
891 2454 1052 2491 alterum
1078 2455 1116 2491 in
1138 2468 1183 2492 eo
1201 2468 1375 2492 reverea-

363 2514 457 2550 mini
478 2528 485 2549 :
508 2527 584 2563 quo
606 2514 822 2551 nullatenus
837 2514 875 2551 id
893 2515 927 2551 ei
944 2528 1081 2565 negare
1099 2515 1271 2565 possitis,
1286 2529 1374 2565 pro·

361 2583 448 2625 pter
470 2574 574 2624 quod
605 2587 673 2611 vos
702 2588 788 2611 cum
822 2584 928 2612 tanto
957 2575 1089 2613 labore
1109 2575 1156 2612 de
1181 2576 1295 2626 longe
1312 2589 1374 2613 re-

362 2635 514 2685 quirere
537 2634 694 2671 curavit.
717 2638 850 2684 Itaque
871 2635 940 2672 etsi
957 2649 1034 2672 non
1053 2643 1214 2685 propter
1233 2635 1373 2685 ipsum,
1391 2639 1424 2673 D

363 2703 464 2731 certe
481 2703 641 2745 propter
659 2707 728 2731 vos
758 2695 791 2731 ci
813 2696 1021 2731 succurrite
1051 2710 1059 2732 :
1082 2695 1169 2744 quia
1187 2704 1374 2744 quantum

365 2769 431 2792 ros
460 2755 512 2791 illi
538 2768 605 2791 sua
636 2763 842 2805 paupertas
859 2784 868 2800 ,
889 2764 1058 2801 tantum,
1080 2755 1158 2792 imo
1187 2756 1372 2805 amplius,

362 2815 471 2852 vobis
487 2815 592 2851 illum
618 2814 871 2851 necessarium
894 2815 980 2852 facit
1006 2828 1071 2852 sua
1092 2829 1199 2865 aeque
1226 2816 1373 2865 religio-

362 2877 464 2914 sitas.
484 2875 659 2924 Denique
680 2875 726 2911 de
749 2875 875 2911 multis
908 2889 1005 2924 quos
1031 2875 1162 2912 eadem
1196 2875 1242 2912 de
1262 2890 1373 2913 causa

359 2934 439 2984 jam
460 2934 507 2971 ad
527 2948 595 2971 vos
616 2933 785 2971 misimus
800 2963 809 2980 ‚
834 2935 979 2971 nullum
1014 2935 1126 2972 suisse
1146 2936 1349 2973 recolimus
1366 2965 1375 2981 ‚

363 2995 410 3032 de
437 3008 514 3045 quo
547 2994 663 3043 magis
699 2997 780 3031 Dco
815 2994 965 3044 placere
993 2995 1184 3041 sciamus,
1209 3009 1322 3046 quam
1346 2996 1376 3033 si

364 3055 452 3091 huic
474 3053 750 3091 benefeceritis.
773 3055 914 3091 Valetc.

1130 194 1164 228 S.
1196 194 1452 229 BERNARDI
1480 195 1681 230 ABBATIS

365 267 456 304 dum
483 267 582 304 sacto
617 265 770 313 duello,
803 266 870 315 qui
901 266 1023 304 victus
1060 267 1155 315 fuit,
1177 270 1303 306 statim
1322 283 1370 307 ex
1388 269 1418 287 ³¹

362 335 487 364 vestra
501 326 672 375 jussione
692 326 824 363 oculos
846 326 981 363 amisit.
1008 330 1170 378 Insuper
1189 342 1366 379 quoque,
1387 328 1417 362 A

1437 373 1777 382 ux=u=su=mss==xsxs====
1783 374 2124 386 snsxxx=sxx======u=s====
2132 378 2300 388 ιινινιιιιιιι
2305 380 2358 389 ιιια
2363 380 2447 392 §suu

1633 491 2013 549 EPISTOLA
2074 492 2252 551 XLI.e

1822 649 1868 670 An
1889 648 2064 672 Ecum-111.

1673 776 1786 806 Senem
1804 773 1983 816 religiosum
2002 773 2211 807 commendat.

1491 905 1623 943 Timeo
1638 920 1706 943 vos
1720 907 1869 957 gravari
1883 907 1922 943 in
1940 915 2016 944 tam
2037 906 2181 944 crebris
2200 907 2449 957 scriptitatio-

1438 965 1551 1002 nibus
1569 967 1710 1003 nostris
1727 982 1734 1003 :
1749 967 1815 1004 sed
1832 968 1870 1004 in
1884 967 2323 1018 hancimportunitatem
2338 976 2450 1017 urget

1391 1034 1418 1068 Β
1440 1038 1500 1061 me
1535 1025 1672 1063 Christi
1707 1027 1891 1072 charitas,
1923 1036 1962 1064 et
1993 1028 2203 1064 amicorum
2232 1028 2446 1066 necessitas.

1439 1089 1550 1123 Hunc
1567 1087 1696 1136 itaque
1713 1096 1751 1124 et
1771 1101 1917 1134 senem,
1939 1096 1981 1124 ut
2006 1088 2143 1125 videtis
2158 1117 2168 1134 ,
2190 1096 2227 1125 et
2243 1088 2290 1125 de
2307 1088 2424 1125 domo
2438 1118 2448 1135 ,

1438 1154 1483 1182 ut
1502 1159 1572 1184 nos
1591 1147 1753 1194 scimus,
1772 1147 1947 1197 religiosa
1967 1147 2015 1184 ad
2034 1160 2103 1184 vos
2119 1148 2274 1185 missum
2292 1161 2372 1185 non
2395 1161 2450 1186 re-

1440 1205 1539 1242 mitti
1566 1220 1728 1243 vacuum
1759 1207 2045 1257 supplicamus:
2067 1215 2104 1244 et
2130 1207 2289 1258 insuper
2317 1216 2359 1245 ut
2381 1221 2449 1245 ve-

1441 1266 1528 1303 stris
1559 1266 1694 1305 litteris
1731 1268 1778 1305 ad
1807 1268 2041 1305 avunculum
2076 1277 2248 1305 vestrum
2285 1282 2411 1318 regem
2433 1269 2450 1285 *

1439 1326 1580 1364 iturum
1621 1329 1771 1366 munire
1806 1329 2042 1378 dignemini,
2076 1341 2268 1379 rogamus·
2301 1329 2448 1366 Vellem

1439 1400 1572 1425 omnes
1592 1401 1722 1426 servos
1738 1389 1830 1435 Dei,
1857 1390 1887 1426 si
1915 1390 1996 1426 fieri
2022 1399 2172 1440 posset,
2193 1397 2342 1426 vestros
2370 1389 2451 1426 fieri

1441 1447 1635 1486 debitores
1649 1477 1658 1495 ,
1681 1449 1747 1499 qui
1767 1463 1838 1499 pro
1862 1463 2081 1487 mammona
2097 1449 2309 1500 iniquitatis
2327 1462 2451 1499 quan-

1441 1507 1568 1558 doque
1592 1523 1661 1546 vos
1696 1510 1911 1561 reciperent
1938 1511 1977 1547 in
2013 1519 2155 1548 aeterna
2189 1509 2448 1547 tabernacula.

1440 1569 1582 1607 Valete.

1440 1711 1494 1721 ms
1498 1712 1537 1721 ===
1541 1712 1579 1721 ιι.-
1584 1713 1667 1722 ιινικι
1671 1713 1755 1722 κιιιιι
1759 1712 1958 1722 ιινινιιικιιιι
1963 1710 2279 1722 υινινιννυιιινκενινιυι
2283 1712 2394 1723 uus-u
2398 1713 2423 1722 ιι
2427 1712 2453 1722 ιο

1627 1828 2009 1886 EPISTOLA
2066 1829 2249 1885 XLII.

1494 1985 1540 2007 AD
1561 1985 1760 2009 HENRICUM
1787 1985 2031 2009 SENONENSEM
2059 1983 2399 2009 ARCHIEPISCOPIJM.

1443 2110 1518 2138 Haec
1531 2107 1661 2150 epistola
1680 2108 1784 2150 potius
1797 2107 1871 2150 justi
1885 2112 2033 2139 tractatus
2049 2117 2165 2138 nomen
2183 2112 2214 2137 et
2233 2106 2338 2137 locum
2354 2116 2453 2136 mere-

1489 2161 1583 2193 batur
1606 2172 1614 2193 :
1631 2162 1736 2204 itaque
1752 2173 1769 2193 e
1785 2161 1858 2193 sede
1879 2172 1934 2193 sua
1949 2161 2127 2193 submotam
2146 2160 2186 2192 ad
2201 2166 2322 2193 tomum
2343 2171 2452 2192 secun-

1491 2216 1567 2248 dum
1591 2217 1672 2248 inter
1693 2220 1858 2248 Tractatus
1882 2216 2078 2253 remisimus,
2095 2226 2166 2247 cum
2187 2214 2249 2246 hoc
2274 2215 2388 2246 titulo:
2405 2218 2454 2247 De

1490 2270 1637 2302 Moribus
1655 2276 1686 2302 et
1708 2270 1823 2302 Officio
1841 2270 2059 2313 episcoporum
2083 2269 2214 2312 epistola
2238 2271 2281 2300 42
2307 2279 2361 2300 seu
2387 2275 2451 2301 tra-

1489 2332 1589 2357 ctatus
1602 2350 1609 2363 ‚
1629 2325 1669 2357 ad
1688 2324 1859 2357 Henricum
1872 2327 2084 2357 Senonensem
2101 2323 2382 2367 archiepiscopum.

1458 2456 1762 2466 ιιιυςςιηκιιωαιςικκκ
1766 2456 1849 2466 axum
1854 2455 1938 2465 ====m
1942 2455 2114 2465 xm==mm-m==
2120 2455 2394 2465 smusmssuunssnst
2399 2457 2409 2464 -
2417 2455 2441 2464 ιι

1616 2561 1997 2620 EPISTOLA
2051 2551 2284 2618 XLIII.f

1707 2719 1754 2740 An
1782 2718 1940 2741 summm
1970 2717 2184 2741 BENRICUM.

1557 2826 1670 2858 Scribit
1696 2837 1753 2869 pro
1780 2826 1926 2859 libertate
1948 2826 2085 2858 ecclesiae
2108 2824 2331 2858 Molismensis.

1496 2935 1638 2973 Prioris
1657 2937 1779 2986 precis
1800 2944 1941 2973 nostrae
1959 2935 2123 2985 benigna
2143 2933 2335 2985 susceptio
2355 2946 2451 2985 prae-

1442 2997 1507 3034 bet
1525 2997 1711 3047 ampliora
1733 2997 1912 3048 sperandi
1933 2997 2123 3034 fiduciam.
2155 2995 2353 3033 Praemissa
2378 2995 2450 3032 ita·
2501 3016 2503 3020 ν

1443 3069 1517 3106 que
1538 3055 1870 3094 devotissimarum
1898 3055 2106 3106 gratiarum
2127 3055 2277 3092 actione
2294 3067 2366 3104 pro
2384 3066 2450 3091 ex-

409 3195 423 3211 ·'1
447 3189 610 3221 Trecensis
627 3190 754 3220 ineunte
778 3200 861 3221 anuo
883 3193 968 3222 1128
994 3190 1162 3229 celebrati,
1182 3190 1221 3222 de
1244 3202 1305 3233 qno
1323 3192 1354 3222 iu
1375 3192 1466 3223 Notis
1494 3191 1533 3222 ad
1553 3190 1715 3233 epistolam
1738 3194 1774 3221 21
1794 3215 1801 3229 ,
1831 3190 1870 3221 ad
1891 3188 2076 3222 Matthaeum
2102 3188 2237 3232 legatum
2251 3213 2259 3227 ,
2288 3188 2376 3230 cujus
2397 3187 2448 3220 hic

363 3243 492 3274 mentio.

409 3290 424 3313 b
441 3299 659 3327 Casamentum
674 3321 681 3334 ‚
703 3296 829 3328 feudum
847 3297 929 3338 quod
949 3307 965 3327 a
988 3308 1056 3327 casa
1078 3297 1234 3327 dominica
1257 3297 1383 3339 pendet.
1401 3316 1441 3320 -—
1459 3302 1471 3317 ⁶
1488 3297 1592 3334 Alias,
1620 3296 1816 3339 homagium.

406 3349 422 3370 ‘¹
441 3351 561 3392 Scripta
579 3350 658 3381 circa
675 3360 792 3381 anuum
814 3353 912 3381 1127.
932 3368 972 3372 -
995 3356 1008 3371 ἱ·
1025 3350 1145 3392 Scripta
1165 3350 1244 3381 circa
1265 3350 1409 3381 cumdem
1437 3361 1563 3381 anuum.
1583 3368 1622 3372 —-
1639 3343 1650 3365 s
1669 3350 1788 3391 Scripta
1805 3349 1887 3381 circa
1899 3359 2017 3382 annum
2039 3351 2138 3381 1128.

2372 201 2443 238 188
2479 184 2533 230 5·-
