2533 3920
390 213 465 250 535

1155 211 1190 246 S.
1221 209 1472 245 BERNARDI
1502 207 1701 242 ABBATIS

2386 208 2459 245 536

389 300 491 328 ctum
510 297 583 336 est3
603 288 774 339 profecto
792 287 894 324 nolle
911 286 1118 337 prolicere,
1139 286 1300 323 delicere
1322 295 1389 323 est.
1403 282 1612 332 ΞΝ56111001·
1640 283 1678 318 in
1707 279 1866 317 robusto
1894 288 1931 316 et
1956 288 2092 329 vegeto
2123 293 2284 330 corpore
2316 283 2461 323 animus

389 351 466 389 Ubi
487 364 577 400 ergo
598 358 685 386 sunt
701 349 766 399 qui
785 348 910 385 dicere
930 348 1054 384 solent
1071 362 1078 383 :
1096 347 1242 384 Sufficit
1262 347 1392 392 nobis,
1412 346 1441 378 A
1460 343 1613 379 mollior
1635 350 1748 390 atque
1770 339 2070 390 tepidiorjacet3
2091 348 2129 376 et
2148 354 2300 378 rursum
2320 342 2358 378 in
2376 357 2462 381 cor-

391 411 570 447 nolumus
590 423 670 446 esse
701 409 878 445 meliores
909 421 1021 457 quain
1046 415 1172 457 patres
1202 407 1345 444 nostri?
1365 410 1396 444 O

394 469 578 506 monache
592 498 601 514 ,
623 481 700 504 non
719 467 775 503 vis
795 467 1009 516 proficere?
1028 469 1124 502 Non.
1144 466 1206 502 vis
1226 479 1317 514 ergo
1335 465 1397 500 dc-

396 530 532 565 licere?
546 532 806 576 Nequaquam.
821 526 920 573 Quid
934 527 1047 574 ergo?
1063 525 1121 562 Sic
1136 525 1239 570 mihi,
1255 524 1396 573 inquis,

393 589 522 624 vivere
539 588 628 623 volo
643 616 651 632 ,
673 595 710 623 et
730 599 881 622 manere
904 586 939 621 in
957 598 1033 634 quo
1054 585 1229 634 perveni;
1249 598 1317 620 nec
1334 597 1398 634 pe-

389 647 454 697 jor
472 647 552 684 lieri
570 647 713 697 patior,
731 660 800 682 nec
818 646 952 682 melior
968 645 1093 694 cupio.
1112 648 1195 681 Hoc
1213 658 1302 693 ergo
1323 644 1397 690 vis,

393 706 498 756 quod
517 719 596 742 esse
618 718 694 742 non
726 713 862 755 potest.
897 704 995 752 Quid
1025 704 1127 740 enim
1157 712 1229 741 stat
1258 704 1295 740 in
1326 704 1398 739 hoc

395 767 559 802 saeculo?
580 769 625 802 Et
650 773 751 801 certe
772 765 817 800 de
839 764 993 801 homine
1015 764 1227 813 specialiter
1254 763 1396 799 dictum

395 834 450 862 est
468 841 475 861 :
497 827 605 872 Fugit
628 827 735 860 velut
759 824 904 869 umbra,
926 834 960 859 ec
985 837 1181 872 mcnquam
1210 828 1248 859 ιή
1269 825 1397 858 eodem

394 895 492 921 stam
514 894 715 933 permanet
730 892 753 920 ¹.
776 888 862 933 Ipse
882 884 1046 933 denique
1066 883 1232 919 hominis
1249 883 1398 919 saeculi-

393 958 468 993 que
483 953 636 989 auctor,
657 944 839 993 quamdiu
861 944 898 979 in
916 944 1024 980 terris
1043 944 1146 979 visus
1163 951 1236 988 est,
1258 950 1295 978 et
1313 955 1399 978 cum

393 1004 610 1040 hominibus
625 1011 871 1039 conversatus
887 1011 963 1047 est,
982 1015 1177 1051 nunquam
1191 1008 1204 1023 ³¹
1222 1001 1336 1037 stetit.
1353 1004 1400 1037 Et

1464 415 1558 451 pore
1575 401 1689 438 debili
1712 409 1748 437 et
1775 401 1928 436 infirmo
1958 400 2094 436 fortior
2107 400 2209 450 viget
2228 404 2462 453 promptior-

1463 475 1538 510 que
1569 461 1735 510 spiritus.
1765 458 1877 507 Quod
1904 472 1942 495 se
1972 459 2103 508 utique
2132 460 2171 495 in
2198 473 2237 496 se
2265 470 2461 511 expertum

1464 529 1678 557 contestans
1694 519 1921 569 Apostolus,
1943 521 2102 565 Quando
2123 521 2304 566 infirmor,
2319 522 2460 572 inquit,

1463 578 1701 627 tmecfortior
1730 592 1822 614 sum.
1847 577 1920 615 Sed
1953 585 1990 614 et
2020 577 2183 614 libenter
2212 579 2397 628 gloriatur
2423 583 2464 620 iu

1463 638 1749 675 infirmitatibus
1769 638 1867 685 suis,
1889 639 1936 674 Ue
1951 637 2135 674 inhabitet
2151 642 2189 674 in
2210 652 2282 684 me,
2297 640 2370 688 ait,
2385 646 2466 679 vir·-

1463 708 1519 735 tus
1545 700 1678 735 Christi
1696 698 1723 734 3.

1519 760 1554 795 6.
1585 758 1697 806 Quod
1727 757 1880 807 quidem
1902 757 1953 795 sic
1975 758 2179 795 astruimus
2198 761 2401 811 exemplis,
2423 771 2465 801 ut

1465 818 1673 869 probemus
1690 826 1728 854 et
1748 819 1867 854 oculis
1880 848 1888 864 ,
1911 818 2002 854 dum
2023 819 2061 854 in
2084 827 2140 864 te,
2160 828 2288 869 pater,
2308 822 2465 860 manife-

1466 888 1565 916 stum
1583 880 1623 915 lit
1651 878 1761 915 nobis
1782 879 1886 928 quod
1904 879 2045 915 dicitur
2066 894 2073 916 :
2101 879 2211 929 cujus
2231 881 2374 931 quippe
2399 883 2466 921 etsi
2512 878 2515 912 ἶ

1465 939 1581 976 1101110
1600 940 1767 976 exterior
1786 940 2047 989 corrumpitur
2059 968 2068 985 ,
2085 940 2150 976 sed
2168 941 2329 978 interior
2352 956 2464 981 reno·
2513 947 2515 949 ’

1465 1008 1576 1036 vatur
1596 999 1643 1036 de
1663 999 1723 1035 die
1740 1000 1779 1035 in
1799 999 1897 1036 diem
1917 1006 1945 1036 9.
1966 999 2079 1037 Unde.
2100 1001 2240 1038 etenim
2262 1010 2388 1040 tantus
2406 1016 2466 1041 ar-

393 1063 565 1111 quidem,
586 1070 678 1098 teste
699 1062 1151 1110 Scriptura,pertransiit
1165 1059 1401 1107 benefacien-
1422 1060 1448 1094 B
1469 1059 1541 1096 dor
1574 1058 1785 1095 innovandi
1819 1059 1992 1104 Ordinis,
2033 1060 2105 1096 nisi
2140 1073 2187 1097 ex
2224 1063 2467 1102 renovatione
2512 1051 2516 1087 Ῐ

394 1125 440 1158 (lo
457 1131 492 1157 et
515 1123 686 1157 sanando
707 1135 831 1156 omnes
851 1127 877 1157 ².
899 1121 1119 1158 Pertransiit
1132 1128 1278 1165 autem,
1304 1120 1401 1156 sleut

394 1195 470 1217 non
491 1181 748 1226 infructuose,
779 1181 830 1217 ita
859 1193 938 1217 non
966 1181 1143 1227 remisse,
1165 1193 1243 1216 non
1272 1180 1399 1229 pigre,

395 1255 473 1277 non
496 1242 600 1277 lento
617 1254 771 1290 gressu;
793 1241 856 1277 sed
873 1269 882 1286 ,
907 1240 1231 1290 quemadmodum
1248 1241 1337 1276 item
1355 1239 1401 1276 de

393 1302 476 1351 ipso
494 1302 677 1351 scriptum
694 1310 771 1347 est,
787 1304 1000 1337 Exsultavie
1016 1306 1174 1350 utgigas
1191 1303 1244 1336 ml
1255 1314 1403 1336 curren-

393 1364 482 1397 dam
511 1366 616 1398 viam
641 1360 666 1397 3.
694 1365 814 1398 Porro
841 1370 1056 1398 currentem
1080 1375 1158 1398 non
1188 1361 1404 1411 apprehen-

395 1422 449 1458 ‹lit
463 1452 472 1468 ,
487 1422 550 1471 qui
568 1431 604 1458 et
619 1423 699 1471 ipse
715 1423 857 1471 pariter
875 1435 951 1458 non
968 1422 1098 1458 currit.
1114 1426 1160 1459 Et
1176 1421 1266 1471 quid
1285 1421 1403 1471 prod-

396 1493 451 1519 est
467 1483 657 1520 Christum
679 1482 810 1532 sequi,
832 1483 861 1519 si
883 1496 960 1519 non
980 1483 1175 1532 contingat
1194 1482 1402 1531 consequi?

394 1543 485 1579 Ideo
501 1543 640 1579 Paulus
662 1542 785 1579 aiebat
800 1557 807 1578 :
831 1544 891 1578 Sic
907 1547 1041 1579 currite
1057 1552 1097 1578 ut
1108 1543 1402 1591 comprehenda-

394 1608 440 1639 tis
458 1606 485 1639 ³¹.
506 1603 563 1639 Ibi
598 1611 660 1648 tu,
684 1602 907 1648 christiane,
930 1604 1000 1651 lige
1029 1603 1083 1639 tui
1111 1615 1244 1639 cursus
1272 1602 1402 1652 profe-

394 1671 552 1711 ctusque
600 1671 759 1708 metam,
796 1662 862 1699 ubi
907 1663 1079 1700 Christus
1116 1663 1246 1713 posuit
1283 1675 1401 1698 suam.

395 1726 533 1758 Factus
549 1731 613 1766 est,
636 1723 759 1772 inquit
772 1752 781 1769 ,
798 1723 975 1759 obediens
995 1738 1109 1772 usque
1129 1726 1183 1758 acl
1202 1732 1355 1758 mortem
1376 1721 1401 1759 ⁵.

395 1781 683 1830 Quantumlibet
699 1795 789 1831 ergo
808 1783 1039 1829 cucurreris,
1055 1782 1085 1819 si
1102 1796 1223 1832 usque
1239 1782 1286 1818 ad
1304 1795 1405 1818 mor-

398 1850 473 1878 tem
492 1855 569 1878 non
587 1843 809 1892 perveneris
822 1872 831 1889 ,
847 1842 1021 1879 bravium
1041 1856 1119 1879 non
1136 1842 1403 1892 apprehendis.
1425 1845 1452 1880 C

397 1904 574 1939 Bravium
597 1902 765 1939 Christus
792 1911 859 1939 est.
877 1902 989 1950 Quod
1010 1903 1039 1939 si
1061 1903 1126 1939 illo
1154 1911 1332 1939 currente
1364 1911 1405 1939 tu

398 1962 558 2011 gradum
587 1962 707 2008 sistis;
740 1975 817 1998 non
847 1963 995 2000 Christo
1028 1963 1256 2013 appropias,
1283 1962 1347 1999 sed
1370 1971 1405 1998 te

399 2023 515 2071 magis
535 2022 690 2071 elongas
711 2038 718 2059 :
742 2023 1031 2072 timendumque
1053 2022 1120 2059 tibi
1141 2031 1215 2068 est,
1234 2022 1338 2072 quod
1356 2022 1406 2059 ait

397 2081 519 2118 David
532 2112 540 2128 ,
562 2085 662 2118 Ecce
683 2087 749 2130 qui
773 2085 949 2131 elongant
970 2097 1008 2118 se
1025 2098 1048 2118 (ι
1063 2092 1110 2128 te,
1131 2086 1305 2126 Domine,
1321 2096 1407 2130 per-

399 2141 501 2177 iham
515 2141 541 2178 ⁶.
558 2146 690 2192 Itaque
707 2143 737 2179 si
757 2144 942 2192 prolicere
963 2156 1117 2180 currere
1135 2151 1191 2179 est
1207 2158 1214 2179 :
1233 2142 1298 2179 ubi
1318 2156 1406 2192 pro-

398 2204 510 2239 ficere
529 2232 538 2249 ,
561 2202 610 2239 ibi
641 2212 679 2239 et
707 2217 858 2239 currere
889 2203 1045 2250 desinis,
1074 2203 1139 2240 ubi
1172 2202 1296 2239 verol’
1327 2217 1406 2239 non

397 2277 570 2309 currere,
588 2263 638 2299 ibi
666 2272 703 2299 et
725 2263 885 2300 delicere
901 2265 1048 2314 incipis.
1065 2264 1164 2301 Hinc
1184 2264 1297 2314 plane
1320 2264 1407 2300 colli

397 2324 498 2373 gitur
519 2324 606 2373 quia
628 2324 728 2360 nolle
747 2326 931 2373 prolicere
945 2354 954 2370 ,
977 2324 1130 2360 nonnisi
1153 2324 1315 2360 delicere
1337 2333 1404 2361 est.

452 2385 487 2419 5.
510 2382 612 2418 Vidit
638 2382 775 2418 scalam
801 2382 942 2428 Jacob,
969 2391 1005 2418 et
1036 2383 1072 2418 in
1102 2383 1199 2419 scala
1231 2384 1405 2432 angelos,

399 2440 464 2476 ubi
484 2441 610 2477 nullus
628 2441 798 2477 residens
811 2471 820 2487 ,
836 2442 964 2478 nullus
982 2440 1190 2478 subsistens
1207 2443 1406 2492 apparuit3

399 2500 464 2536 sed
485 2501 544 2536 vel
572 2501 793 2547 ascendere,
822 2502 883 2538 vel
916 2502 1146 2538 descendere
1177 2502 1409 2539 videbantur

399 2560 566 2596 universi
595 2567 638 2596 7:
669 2569 855 2609 quatenus
885 2562 1009 2611 palam
1041 2562 1196 2598 daretur
1228 2562 1406 2612 intelligi,

1468 1120 1625 1155 mentis?
1647 1119 1706 1156 Sic
1726 1118 1852 1156 bonus
1870 1119 1988 1156 homo
2009 1119 2056 1156 de
2076 1119 2180 1157 bono
2207 1121 2383 1160 thesauro
2401 1137 2467 1163 suo

1469 1179 1617 1229 profert
1635 1177 1737 1215 bona
1761 1185 1812 1226 ¹⁰3
1836 1179 1887 1216 sie
1916 1178 2032 1215 arbor
2059 1178 2160 1217 bona
2186 1181 2331 1219 fructus
2349 1181 2470 1223 bonos
2513 1169 2515 1211 3

1472 1239 1561 1275 facit
1579 1245 1619 1276 ¹¹.
1635 1239 1751 1275 Primi
1766 1247 1803 1275 et
1820 1239 2012 1289 purissimi
2030 1239 2175 1277 fructus
2193 1241 2258 1278 tui.
2277 1241 2349 1279 Sed
2366 1256 2469 1293 quae-

1469 1312 1557 1336 nam
1587 1298 1702 1335 arbor
1737 1299 1807 1336 hos
1835 1299 2016 1349 protulit,
2051 1299 2123 1336 nisi
2151 1300 2297 1350 puritas
2327 1302 2471 1340 cordis?
2514 1315 2515 1320 ¹

1469 1361 1651 1410 Alioquin
1666 1360 1821 1410 quando
1841 1360 2015 1410 impurus
2033 1360 2182 1398 animus
2202 1369 2310 1398 tanto
2329 1363 2470 1412 studio,
2514 1378 2515 1411 j

1470 1421 1625 1470 Regulae
1650 1420 1862 1470 inquireret
1890 1421 2120 1470 eligeretque
2148 1421 2379 1470 puritatem?
2399 1426 2471 1461 Nec
2513 1425 2515 1432 ’

1470 1479 1516 1516 de
1537 1479 1692 1516 turbido
1710 1480 1814 1516 fonte
1832 1479 2013 1529 limpidus
2028 1488 2179 1516 emanat
2197 1480 2301 1517 rivus
2313 1509 2322 1526 ‚
2343 1494 2412 1518 nec
2427 1481 2472 1520 de

1472 1540 1627 1576 sordida
1646 1548 1772 1576 mente
1793 1539 1936 1576 munda
1957 1540 2147 1589 cogitatio.
2166 1543 2275 1577 Intus
2302 1549 2358 1577 est
2384 1554 2474 1591 pro-

1470 1599 1530 1635 cul
1553 1598 1694 1644 dubio,
1719 1599 1822 1635 intus
1852 1606 1909 1635 est
1928 1598 2033 1648 quod
2053 1598 2214 1635 delectat
2243 1613 2251 1635 :
2281 1607 2320 1635 et
2338 1612 2385 1636 ex
2412 1600 2474 1638 illa

1469 1658 1709 1708 plenitudine
1724 1659 1931 1695 intrinseca
1947 1659 2115 1709 erumpit.
2134 1667 2277 1705 totum,
2297 1658 2401 1709 quod
2423 1659 2475 1697 fo-

1471 1719 1522 1756 ris
1541 1718 1744 1765 exuberat3
1772 1727 1886 1769 atque
1908 1719 1948 1756 in
1976 1727 2104 1756 mente
2132 1720 2272 1769 fulget,
2294 1719 2398 1769 quod
2424 1719 2474 1758 sic

1472 1780 1596 1829 placet
1617 1781 1655 1816 in
1677 1793 1805 1830 opere.

1529 1841 1562 1877 7.
1585 1841 1817 1890 Sequimini,
1841 1840 1926 1886 filii,
1950 1849 2097 1891 patrem
2120 1856 2128 1878 :
2156 1840 2368 1878 imitatores
2396 1839 2475 1890 eJus

1471 1908 1610 1947 estote,
1633 1901 1729 1937 sicut
1757 1909 1794 1936 et
1822 1901 1902 1950 ipse
1931 1901 2080 1937 Christi.
2102 1900 2243 1948 Dicite,
2271 1904 2314 1937 In
2334 1900 2476 1938 odore*
2514 1915 2517 1917 ’

1472 1970 1742 2010 zmgtcentorwn
1759 1970 1906 1997 tuorum
1920 1975 2107 1997 curremus
2121 1967 2151 1983 ¹²
2173 1976 2181 1998 ι
2203 1961 2389 2011 siquidem
2406 1961 2476 1999 bo-
2514 1973 2515 1977 ’

1472 2034 1544 2058 11115
1560 2021 1657 2057 odor
1674 2021 1809 2059 Christi
1828 2021 1939 2057 estin
1962 2021 2067 2057 omni
2084 2021 2169 2058 loco
2188 2018 2229 2058 ¹³.
2245 2025 2338 2059 Nam
2358 2030 2401 2059 ut
2424 2029 2477 2059 ta-
2514 2013 2533 2042 ³¹

1473 2095 1576 2117 ceam
1595 2081 1641 2118 de
1654 2081 1764 2118 vobis
1774 2111 1783 2127 ,
1798 2081 1863 2131 qui
1880 2090 2088 2131 praesentes
2101 2082 2276 2119 cominus
2288 2081 2478 2133 percipitis

1475 2141 1737 2191 fragrantiani3
1760 2149 1865 2178 tanta
1880 2141 1927 2178 ad
1949 2155 2019 2178 nos
2040 2154 2181 2191 usque,
2200 2142 2265 2192 qui
2285 2143 2397 2191 longe
2413 2140 2478 2179 ab·

1474 2215 1624 2247 sumus,
1658 2215 1705 2238 ex
1734 2202 1869 2238 studiis
1902 2201 1985 2251 ejus
2019 2201 2132 2239 bonis
2166 2202 2343 2252 pervenit
2372 2201 2478 2252 hujus

1474 2263 1705 2299 suavissimae
1728 2263 1978 2313 respersionis
1995 2261 2148 2300 ubertas
2163 2291 2173 2309 ‚
2198 2271 2241 2300 ut
2259 2261 2371 2300 nobis
2395 2275 2476 2300 cer-

1474 2323 1616 2360 tissime
1637 2324 1700 2359 fiat
1716 2323 1814 2360 odor
1831 2323 1918 2360 vitae
1938 2323 1986 2359 ad
2000 2323 2128 2360 vitam.
2145 2327 2243 2360 Puto
2260 2322 2362 2373 quod
2385 2331 2423 2360 et
2439 2322 2477 2360 in

1474 2383 1692 2420 coelestibus
1704 2382 1785 2433 jam
1806 2384 2066 2434 persenserint
2090 2383 2249 2420 odorem
2267 2383 2475 2430 suavitatis,
2513 2371 2517 2381 ’

1474 2452 1512 2479 et
1531 2444 1695 2493 quadam
1727 2445 1840 2481 solito
1866 2444 2050 2481 festiviori
2070 2444 2324 2481 exsultatione
2345 2443 2478 2481 decan-
2514 2454 2515 2457 ’

1476 2512 1556 2541 tent
1569 2535 1578 2552 ‚
1605 2508 1704 2552 Quoe
1720 2515 1773 2541 est
1795 2510 1866 2541 ista
1887 2519 1976 2554 qnae
1994 2507 2167 2541 ascendit
2185 2519 2259 2553 per
2275 2506 2475 2550 desertum,

1475 2570 1571 2602 sicut
1594 2569 1742 2615 virgula
1767 2564 1889 2613 flami,
1921 2580 1970 2602 az·
1999 2566 2230 2603 aromatibus
2261 2566 2423 2614 myrrha?
2445 2572 2479 2600 et
2513 2586 2517 2592 ·

397 2621 496 2656 inter
517 2620 729 2670 prolectum
749 2630 786 2657 et
814 2621 1002 2658 desectum
1024 2622 1062 2658 in
1083 2623 1156 2659 hoc
1175 2631 1272 2659 statu
1300 2637 1405 2660 mor-
1424 2631 1457 2664 D
1474 2627 1612 2672 thuris,
1636 2636 1670 2662 et
1691 2631 1849 2663 universi
1858 2630 2025 2676 pulveris
2042 2631 2290 2676 pigmentarii
2310 2625 2339 2651 ‘⁴
2352 2627 2366 2662 Ρ
2380 2633 2416 2663 et
2434 2624 2476 2661 il-

400 2680 482 2716 talis
497 2681 582 2716 vitre
604 2681 696 2717 nihil
718 2681 883 2717 medium
912 2682 1076 2718 inveniri
1094 2697 1101 2718 ε
1124 2682 1189 2719 sed
1210 2683 1407 2732 quomodo

401 2741 523 2788 ipsum
556 2754 696 2790 corpus
726 2750 898 2778 nostrum
929 2744 1110 2779 continue
1139 2752 1204 2780 aut
1236 2757 1407 2780 crescere

400 2809 568 2846 constat,
591 2810 655 2837 aut
676 2802 914 2849 decrescere3
934 2804 985 2840 sic
1007 2817 1159 2841 necesse
1176 2805 1222 2841 sit
1243 2814 1280 2841 et
1295 2805 1408 2855 spiri-

402 2869 480 2896 tum
505 2868 568 2895 aut
582 2863 768 2909 proficere
788 2876 958 2912 semper,
975 2873 1038 2900 aut
1052 2864 1226 2902 delicere.
1245 2869 1408 2902 Interest

402 2929 524 2956 tamen
540 2949 548 2965 ‚
567 2920 669 2968 quod
694 2924 1052 2972 nequaquamjuxta
1068 2925 1243 2962 ordinem
1267 2939 1407 2976 corpo-

401 2981 535 3016 ralium
556 2980 859 3018 vicissitudinum
880 2984 991 3019 ctiam
1015 2985 1168 3034 spiritus
1187 2999 1253 3022 sua
1270 2987 1329 3022 vel
1350 2987 1407 3022 in—

400 3048 593 3076 crementa
623 3041 740 3090 capit,
766 3042 824 3077 vel
865 3043 1006 3091 patitur
1035 3044 1273 3082 detrimenta.
1309 3049 1402 3082 Nam

1475 2685 1565 2729 lud,
1582 2689 1816 2722 Eadm-iones
1833 2696 1906 2722 tuce
1927 2688 2138 2735 paradisus
2159 2684 2343 2722 malorum
2363 2686 2478 2734 pmn'-
2516 2700 2517 2703 ¹

1474 2760 1596 2782 corum
1630 2761 1712 2782 cum
1740 2761 1938 2796 pomorum
1970 2745 2152 2793 fructibus
2166 2745 2212 2784 ¹⁵.
2245 2745 2479 2795 Quicumque

1473 2806 1572 2843 inter
1594 2820 1662 2843 vos
1682 2807 1783 2844 hunc
1808 2808 1846 2844 in
1867 2808 1973 2845 coelis
1989 2807 2156 2857 jubilum
2174 2820 2253 2844 non
2274 2805 2398 2850 audit,
2418 2803 2478 2840 in-

1474 2867 1577 2903 videt
1596 2882 1603 2904 :
1623 2867 1793 2917 quisquis
1809 2868 1911 2905 hunc
1926 2881 2003 2904 non
2020 2868 2134 2905 sentit
2151 2867 2330 2914 odorem,
2347 2873 2388 2903 ut
2402 2875 2479 2902 om·
2513 2874 2516 2880 '

1475 2927 1581 2963 nium
1603 2940 1695 2978 pace
1714 2927 1879 2965 dixerim
1895 2957 1904 2975 ,
1921 2935 2040 2978 putet.

450 3186 458 3200 ¹
475 3179 538 3211 Job
558 3191 626 3217 xiv,
643 3183 672 3211 2.
690 3197 733 3203 ——
750 3186 762 3201 ²
777 3183 849 3212 Act.
870 3192 907 3218 x,
926 3184 980 3212 38.
997 3201 1038 3204 —
1058 3180 1165 3214 3Ρ5111.
1188 3195 1274 3214 xvxii
1287 3209 1293 3218 ,
1316 3189 1347 3215 ὓ.
1368 3203 1409 3206 —
1425 3185 1438 3210 -Ἰ
1455 3187 1466 3215 1
1485 3186 1558 3215 Cor.
1577 3194 1623 3219 tx,
1643 3186 1696 3214 24.
1712 3202 1754 3206 —
1771 3182 1783 3205 5
1799 3183 1936 3226 Philipp.
1954 3195 1993 3221 11,
2009 3186 2042 3215 8.
2058 3201 2100 3205 —
2115 3180 2131 3204 ⁶
2146 3182 2228 3214 Psat.
2247 3185 2355 3216 tjxxu.
2377 3180 2476 3210 27.--

399 3235 645 3263 7(}en.xxv111
660 3256 667 3267 ,
692 3235 744 3263 12.
764 3250 803 3254 -
826 3231 1143 3271 ⁸11(101·.x11,1o,
1167 3240 1255 3267 9,—
1273 3237 1352 3268 91d.
1378 3240 1496 3274 1v‚lfi.
1512 3255 1556 3259 -
1575 3242 1604 3256 ¹⁰
1623 3236 1904 3276 Mattl1.x11,35.
1926 3255 1968 3260 -—
1987 3242 2013 3258 ¹¹
2036 3235 2171 3273 1d.v11‚
2197 3238 2300 3267 17.-
2320 3230 2476 3265 '’Cantic.

399 3297 407 3314 ι
428 3310 434 3318 ,
457 3289 488 3315 53.
509 3304 551 3307 --
570 3282 598 3305 ¹3
618 3287 733 3317 11001:
754 3297 797 3322 11,
824 3288 873 3316 lsi.
891 3305 934 3308 -
959 3287 1122 3318 Neminie.
1148 3301 1206 3324 111,
1230 3294 1261 3320 6.
1285 3308 1327 3311 -
1348 3289 1375 3311 ¹5
1392 3290 1439 3321 ld.
1469 3292 1591 3327 n·,13.

445 3348 456 3359 ··
472 3345 558 3375 Alias
574 3369 581 3382 ‚
600 3343 765 3389 numquid.
784 3363 825 3367 -—
848 3338 862 3360 ¹¹
883 3346 968 3377 Alias
982 3371 988 3383 ‚
1011 3345 1061 3376 ubi
1083 3358 1168 3389 ‘'¹3''-
