2517 3920
319 225 412 262 1371

314 307 396 341 Deo
423 306 596 337 creatura
629 311 636 333 :

315 434 462 458 mamus
484 420 520 455 in
542 417 700 468 gloriam
713 445 722 462 ,
740 415 911 465 perfecta
927 415 965 450 in
983 414 1117 463 spiritu
1135 420 1319 449 creatura.

317 481 443 519 Prima
477 492 567 528 ergo
593 476 747 513 libertas
775 474 889 511 habet
922 475 1083 510 multum
1126 471 1284 508 honoris
1315 485 1324 516 3

316 540 481 578 secunda
499 569 509 586 ,
531 538 739 589 plurimum
770 536 881 572 etiam
904 535 1074 580 virtutis,
1102 532 1326 577 novissima,

316 600 512 637 cumulum
524 596 786 647 jucunditatis.
806 598 861 631 Ex
878 595 1000 644 prima
1017 593 1163 642 quippe
1176 599 1328 641 praesta-

316 674 400 697 mus
421 659 564 696 caeteris
583 655 865 700 animantibus;
895 655 932 690 in
961 653 1127 689 secunda
1160 664 1326 695 carnem,

317 734 386 771 per
407 720 555 756 tertiam
578 725 739 753 mortem
770 713 1004 762 subjicimus.
1025 713 1092 748 Vel
1115 720 1215 747 certe
1232 710 1328 747 sicut

318 781 353 816 in
377 778 501 829 prima
517 775 679 824 subjecit
699 778 801 811 Deus
818 772 888 809 sub
904 771 1067 821 pedibus
1084 770 1222 807 nostris
1239 781 1329 804 oves

317 849 355 876 et
377 839 496 875 boves
517 846 554 873 et
576 847 715 885 pecora
742 833 864 882 campi
896 847 903 868 :
933 832 980 867 ita
1008 844 1159 880 quoque
1180 842 1249 879 per
1270 842 1329 864 se-

318 898 481 935 cundam
497 895 713 945 spirituales
725 892 864 929 bestias
878 890 990 940 hujus
1005 891 1114 935 aeris,
1129 890 1173 925 de
1190 888 1330 937 quibus

319 959 433 995 dicitu
441 971 470 1002 r,
488 958 543 991 Ne
559 957 686 991 tradas
702 953 826 988 bestiis
839 947 1329 996 animasconfitentestt'bi1,

323 1015 535 1069 prosternit
551 1026 658 1063 aeque
675 1021 711 1049 et
726 1011 889 1048 conterit
903 1010 974 1046 sub
991 1009 1152 1060 pedibus
1170 1009 1330 1045 nostris:

1093 216 1127 250 S.
1159 214 1409 250 BERNARDI
1439 214 1639 248 ABBATIS

671 294 839 332 secundo
875 293 1128 330 reformamur
1148 292 1187 328 111
1213 292 1326 327 111110-
1341 288 1372 306 ‘³⁰

314 362 476 400 centiam
490 389 500 405 ,
517 371 617 395 nova
639 357 677 393 in
695 355 843 393 Christo
866 362 1037 391 creatura
1057 368 1064 389 :
1083 353 1195 389 tertio
1212 350 1328 388 subli-
1345 356 1377 389 A

2304 215 2401 252 1372

1753 352 1930 391 CAPUT
1960 353 2030 392 IV.

1393 476 1502 517 Qualis
1520 476 1646 507 libertas
1667 482 1821 517 competat
1841 475 2004 506 animabus
2023 476 2137 506 sanctis
2155 475 2374 510 carne'solutis
2394 484 2403 504 ἔ

1444 541 1553 571 (1111010
1572 533 1640 560 Deo
1655 554 1662 567 ,
1684 536 1714 560 et
1733 529 1819 560 omni
1838 536 1987 560 creaturae
2009 530 2154 561 rationali
2174 533 2358 565 communis.

1451 653 1487 688 9.
1511 655 1593 688 Hoc
1608 665 1651 688 au
1660 660 1731 687 tem
1749 650 2009 687 indubitanter
2026 650 2240 698 sciendum,
2262 660 2402 689 utram-

1395 725 1468 761 que
1502 712 1654 762 plenam
1691 720 1805 760 atque
1836 711 2042 760 perfectam
2078 711 2255 760 perfectis
2281 711 2402 749 inesse

1396 771 1594 808 animabus
1609 784 1721 807 carne
1734 771 1878 815 solutis,
1895 784 1979 806 cum
1994 774 2074 806 Deo
2093 770 2236 820 pariter
2247 779 2284 807 et
2299 771 2407 808 Chri-

1397 840 1454 868 sto
1484 830 1589 879 ejus,
1618 839 1732 880 atque
1758 830 1912 879 Angelis
1941 829 2284 879 supercoelestibus.
2313 834 2404 867 Nam

1398 891 1534 927 sanctis
1554 889 1772 936 animabus,
1793 891 1863 926 etsi
1881 889 2043 926 necdum
2069 903 2234 940 corpora
2251 903 2408 940 recepe-

1399 958 1510 994 runt,
1532 949 1637 986 deest
1653 949 1807 998 quidem
1829 949 1876 986 de
1892 950 2030 998 gloria3
2051 950 2116 986 sed
2134 949 2226 986 nihil
2249 963 2405 999 prorsus

1400 1009 1499 1046 inest
1528 1009 1575 1045 de
1596 1009 1757 1045 miseria.
1782 1013 1922 1046 Verum
1955 1009 2109 1046 libertas
2139 1023 2160 1046 a
2187 1010 2406 1047 necessitate

318 1080 356 1115 in
385 1077 517 1114 ultima
539 1075 692 1111 tandem
723 1086 793 1109 nos
817 1073 920 1122 ipsos
939 1071 1049 1107 nobis
1066 1071 1216 1121 plenius
1238 1068 1331 1106 sub·
1351 1073 1378 1106 B
1397 1083 1506 1119 aeque
1533 1079 1569 1106 et
1597 1069 1863 1106 indifferenter
1899 1074 1980 1107 Deo
1995 1098 2004 1116 ,
2038 1070 2303 1120 universaeque
2332 1079 2405 1108 tam

319 1140 502 1175 missurus
518 1149 587 1186 per
604 1133 801 1171 victoriam
824 1132 1084 1182 corruptionis
1109 1140 1147 1168 et
1174 1131 1307 1167 mortis
1321 1160 1330 1176 ,

320 1198 474 1249 quando
502 1196 643 1233 scilicet
671 1194 875 1231 novissima
897 1192 1116 1229 destruetur
1137 1204 1240 1228 mors
1256 1219 1265 1236 ,
1294 1198 1332 1227 ct

321 1273 390 1297 1105
416 1257 661 1295 transibimus
689 1255 727 1291 in
758 1254 971 1291 libertatem
1004 1253 1133 1302 gloria?
1165 1252 1329 1288 liliorum

320 1319 406 1357 Dei:
421 1331 496 1368 qua
507 1316 680 1354 libertate
692 1315 861 1353 Christus
874 1327 943 1350 nos
956 1312 1146 1357 liberabit,
1163 1326 1249 1348 cum
1262 1324 1331 1348 nos

320 1379 452 1427 utique
468 1376 591 1414 tradet
606 1387 763 1424 regnum
778 1378 860 1411 Deo
877 1382 915 1410 et
930 1373 1043 1410 Patri.
1058 1377 1114 1410 De
1131 1372 1200 1409 hac
1216 1372 1331 1425 enim,

322 1447 359 1475 et
387 1439 477 1475 item
506 1436 552 1472 de
581 1435 644 1471 illa
663 1448 777 1484 quam
800 1434 963 1470 diximus
983 1447 1003 1470 a
1032 1441 1209 1483 peccato,
1237 1440 1332 1482 puto

321 1498 426 1548 quod
454 1496 594 1534 Judaeis
626 1494 750 1531 aiebat
773 1509 780 1530 :
804 1495 845 1529 Si
864 1508 932 1529 vos
960 1496 1078 1529 Filius
1101 1492 1330 1537 lsberaverit,

321 1572 410 1594 vere
427 1556 534 1593 l1'ber1'
557 1560 694 1592 entis&
712 1554 894 1592 Liberum
914 1553 1112 1590 arbitrium
1128 1552 1332 1589 liberatore

321 1618 489 1667 indigere
514 1615 751 1665 significabat
773 1630 780 1652 :
803 1615 868 1652 sed
892 1616 1004 1665 plane
1034 1614 1099 1664 qui
1122 1613 1217 1650 illud
1240 1613 1333 1650 libe-

323 1687 424 1715 raret
448 1690 525 1714 non
555 1690 574 1713 a
596 1676 838 1721 necessitate,
862 1689 996 1725 quam,
1018 1673 1224 1711 voluntas*
1246 1687 1330 1710 cum

321 1746 436 1783 esset,
459 1737 611 1787 penitus
634 1749 712 1772 11011
742 1744 924 1781 noverat5
958 1735 1023 1771 sed
1047 1748 1067 1771 a
1087 1742 1266 1784 peccato,
1295 1733 1333 1769 in

321 1798 426 1847 quod
444 1806 518 1833 tam
534 1795 666 1842 libere,
683 1809 796 1844 quam
818 1795 1032 1831 voluntarie
1049 1801 1268 1839 corruerat,
1289 1793 1336 1829 si-

1398 1131 1506 1166 111111εο
1521 1159 1530 1175 ,
1551 1143 1664 1179 quam
1682 1128 1794 1166 bonae
1813 1129 1991 1166 rationali
2008 1131 2188 1167 convenit
2209 1139 2404 1169 creaturae.

1399 1194 1476 1227 Nec
1498 1199 1655 1240 peccato
1672 1220 1680 1236 ,
1704 1203 1774 1226 nec
1795 1190 1945 1226 miseria
1966 1190 2165 1237 amittitur,
2184 1191 2245 1227 vel
2264 1190 2405 1228 minui·-

1399 1260 1482 1298 tur,
1505 1264 1575 1287 1100
1589 1250 1713 1300 major
1729 1251 1767 1287 in
1779 1249 1883 1299 justo
1901 1259 1976 1298 est,
1995 1264 2110 1301 quam
2126 1251 2165 1287 in
2179 1259 2382 1301 peccatore
2395 1280 2405 1297 ,

1398 1325 1468 1348 1100
1486 1312 1636 1361 plenior
1652 1312 1690 1347 in
1709 1311 1844 1361 angelo
1860 1340 1869 1357 ,
1893 1325 2006 1361 quam
2028 1312 2067 1348 in
2083 1312 2239 1349 homine
2253 1313 2285 1349 *.
2301 1315 2406 1360 Quo-

1399 1372 1515 1408 modo
1544 1385 1709 1422 namque
1730 1371 1777 1408 ad
1800 1371 1946 1408 bonum
1968 1385 2037 1422 per
2057 1372 2218 1421 gratiam
2244 1386 2408 1410 conver-

1399 1446 1461 1469 sus
1476 1433 1650 1469 humanae
1669 1432 1878 1469 voluntatis
1896 1445 2125 1479 consensus»,
2147 1445 2192 1469 eo
2207 1432 2325 1470 libere
2337 1432 2409 1470 bo-

1400 1505 1513 1538 num,
1535 1501 1573 1528 et
1591 1492 1630 1528 in
1652 1491 1756 1529 bono
1779 1491 1944 1529 liberum
1971 1492 2166 1528 hominem
2196 1492 2302 1538 facit,
2331 1506 2408 1542 quo

1399 1552 1640 1589 voluntarius
1661 1552 1836 1599 efficitur,
1866 1565 1943 1588 non
1974 1552 2117 1590 invitus
2143 1552 2406 1602 pertrahitur:

1400 1613 1451 1650 sic
1469 1621 1606 1663 sponte
1627 1612 1830 1649 devolutus
1847 1613 1885 1648 in
1907 1613 2069 1658 malum,
2088 1613 2127 1649 in
2150 1613 2250 1649 malo
2269 1613 2410 1649 nihilo-

1401 1673 1525 1709 minus
1544 1681 1619 1708 tam
1641 1672 1804 1708 liberum
1818 1701 1827 1718 ,
1849 1685 1964 1722 quam
1985 1681 2241 1722 spontaneum
2268 1673 2410 1709 consti—

1403 1730 1496 1778 tuit,
1518 1746 1583 1769 sua
1599 1733 1730 1781 utique
1746 1732 1944 1769 voluntate
1962 1732 2118 1769 ductum
2131 1761 2140 1777 ,
2161 1746 2238 1769 non
2256 1732 2410 1769 aliunde

1402 1801 1574 1829 coactum
1594 1801 1636 1829 111
1653 1793 1774 1829 malus
1795 1793 1853 1829 sit.
1873 1795 1919 1829 Et
1939 1792 2035 1829 sicut
2052 1793 2212 1830 coelestis
2231 1793 2408 1842 angelus,

325 1858 480 1906 mulque
499 1870 519 1892 a
535 1868 648 1905 poena
666 1855 829 1905 peccati,
856 1868 969 1904 quam
990 1855 1183 1890 incautum
1205 1853 1336 1889 incur·
1355 1857 1382 1892 C
1403 1860 1468 1888 aut
1499 1852 1611 1888 etiam
1642 1855 1744 1888 Deus
1769 1852 1869 1901 ipse,
1899 1860 2100 1901 permanet
2114 1851 2232 1888 libere
2256 1851 2405 1897 bonus,

325 1925 443 1962 rerat,
471 1916 710 1964 invitumque
740 1914 885 1950 ferebat
913 1929 920 1951 :
952 1927 1029 1963 quo
1050 1922 1215 1962 utroque
1236 1913 1335 1949 malo

322 1976 477 2013 liberari
493 1975 651 2011 omnino
669 1987 747 2010 non
764 1982 926 2023 poterat,
946 1974 1016 2009 nisi
1035 1986 1103 2023 per
1120 1973 1226 2008 illum
1243 2001 1251 2017 ,
1270 1972 1336 2021 qui

325 2037 426 2073 solus
447 2035 645 2071 hominum
669 2034 788 2070 factus
809 2042 864 2070 est
881 2034 981 2069 inter
1000 2041 1172 2069 mortuos
1194 2031 1334 2078 liber3,

324 2096 421 2133 liber
440 2095 615 2131 videlicet
636 2107 657 2130 a
677 2102 834 2143 peccato
862 2094 962 2130 inter
993 2100 1224 2142 peccatores.

378 2157 413 2193 8.
434 2155 543 2193 Solus
560 2167 724 2203 namque
741 2154 842 2190 inter
859 2153 955 2189 filios
973 2151 1095 2188 Adam
1120 2150 1334 2188 libertatem

323 2215 393 2252 51111
409 2214 576 2251 vindicat
594 2227 614 2250 a
635 2222 811 2263 peccato,
830 2213 896 2262 qui
915 2220 1114 2262 peccatum
1136 2225 1213 2247 non
1232 2212 1331 2257 fecit,

323 2288 392 2311 nec
413 2274 592 2310 inventus
620 2281 676 2309 est
699 2272 809 2309 dolus
836 2273 875 2308 in
905 2285 972 2308 ore
1003 2271 1124 2320 011154.
1153 2274 1274 2307 Porro
1297 2279 1335 2307 01

322 2349 342 2371 a
365 2334 534 2380 miseria,
557 2346 642 2382 quae
660 2341 716 2369 051
738 2332 1028 2383 poenapeccati,
1046 2330 1179 2368 habuit
1198 2331 1333 2367 nihilo-

321 2396 446 2432 minus
461 2394 689 2439 libertatem,
707 2392 772 2429 sed
787 2393 958 2442 potentia
970 2422 979 2439 ,
996 2405 1073 2428 non
1094 2400 1192 2429 actu.
1211 2395 1332 2428 Nemo

320 2456 464 2506 quippe
485 2453 642 2491 tollebat
661 2453 823 2490 animam
839 2452 921 2502 ejus
938 2452 985 2489 ab
1006 2465 1065 2498 eo,
1084 2452 1150 2488 sed
1167 2452 1248 2502 ipse
1267 2465 1332 2501 po—

320 2515 436 2552 nebat
455 2528 537 2552 eam
548 2513 574 2550 5.
600 2514 793 2563 Denique,
815 2521 908 2549 teste
933 2512 1122 2563 propheta
1140 2541 1149 2558 ,
1176 2512 1333 2548 Oblatas

320 2586 373 2612 est
393 2581 482 2625 quia
501 2580 581 2624 ipsc
603 2573 768 2619 voluit53
793 2574 889 2611 510111
909 2582 947 2610 01
971 2587 1054 2610 011111
1078 2572 1199 2609 voluit
1219 2581 1330 2609 natus

1403 1912 1559 1961 propria
1576 1911 1754 1947 videlicet
1768 1911 1966 1946 voluntate
1983 1939 1992 1956 ,
2020 1923 2099 1947 non
2122 1911 2246 1960 aliqua
2264 1911 2408 1948 extrin-

1403 1985 1486 2008 seca
1515 1972 1742 2008 necessitate
1773 1985 1781 2006 :
1809 1970 1862 2007 sic
1893 1971 2068 2020 profecto
2098 1970 2273 2008 diabolus
2301 1984 2408 2022 aeque

1402 2031 1520 2068 libere
1533 2031 1578 2079 ¹in
1595 2032 1736 2067 malum
1754 2039 1790 2067 et
1806 2031 1975 2076 corruit,
1995 2039 2032 2067 et
2053 2031 2234 2081 persistit,
2252 2044 2322 2068 suo
2336 2031 2408 2069 uti-

1401 2105 1476 2140 que
1494 2091 1714 2128 voluntario
1734 2099 1827 2127 nutu
1844 2119 1854 2136 ,
1882 2104 1958 2128 non
1980 2090 2104 2127 alieno
2131 2091 2311 2141 impulsu.
2330 2095 2407 2129 Ma-

1402 2160 1466 2188 net
1481 2165 1571 2202 ergo
1593 2151 1747 2188 libertas
1764 2151 1984 2197 voluntatis,
2000 2150 2067 2188 ubi
2089 2151 2202 2188 etiam
2224 2153 2266 2188 fit
2286 2152 2406 2202 capti-

1401 2212 1498 2249 vitas
1515 2212 1664 2258 mentis,
1691 2220 1766 2248 tam
1783 2212 1896 2261 plena
1918 2211 2073 2261 quidem
2088 2212 2127 2248 in
2148 2212 2269 2258 malis,
2291 2225 2405 2262 quam

1400 2273 1438 2309 in
1460 2271 1592 2319 bonis,
1622 2271 1687 2308 sed
1712 2272 1752 2308 in
1776 2271 1890 2308 bonis
1909 2271 2142 2318 ordinatior3
2168 2280 2243 2309 tam
2261 2272 2405 2322 integra

1399 2346 1554 2382 quoque
1581 2345 1652 2383 pro
1681 2345 1750 2369 suo
1776 2331 1893 2368 modo
1922 2332 1960 2368 in
1994 2340 2190 2379 creatura,
2221 2345 2334 2382 quam
2364 2332 2404 2368 in

1400 2395 1598 2439 Creatore,
1621 2392 1686 2429 sed
1705 2392 1744 2428 in
1761 2392 1825 2428 illo
1846 2392 2058 2442 potentior.

1456 2453 1514 2489 10.
1533 2451 1646 2500 Quod
1663 2459 1788 2488 autem
1808 2451 1982 2488 homines
2002 2452 2127 2488 solent
2146 2452 2343 2501 conqueri,
2367 2459 2404 2490 et

1398 2511 1543 2557 dicere,
1562 2512 1658 2549 Volo
1672 2511 1815 2548 habere
1831 2510 1972 2548 bonam
1994 2512 2251 2558 voluntatem,
2272 2519 2310 2548 et
2325 2523 2402 2548 non

1396 2585 1575 2621 possum;
1596 2583 1838 2620 nequaquam
1862 2570 1952 2606 huic
1973 2568 2187 2620 praescribit
2218 2569 2399 2615 libertati,

321 2650 368 2673 ex
388 2636 558 2681 muliere,
577 2635 696 2671 sactus
716 2634 786 2671 sub
806 2635 906 2684 lege,
923 2642 964 2671 ut
983 2647 1048 2670 eos
1068 2632 1135 2683 qui
1156 2631 1226 2669 51111
1249 2633 1329 2681 lege
1348 2633 1381 2667 D
1397 2640 1439 2668 ut
1459 2632 1566 2680 quasi
1582 2631 1659 2667 vim
1680 2639 1744 2667 aut
1768 2630 2026 2667 necessitatem
2052 2631 2092 2666 in
2113 2630 2183 2667 hac
2198 2638 2306 2681 parte
2330 2642 2400 2666 vo-

321 2705 429 2733 erant
455 2695 659 2732 redimeret
671 2701 698 2730 7,
723 2694 810 2732 Fuit
831 2694 960 2743 itaque
986 2702 1022 2730 et
1048 2693 1129 2743 11150
1154 2692 1224 2729 sub
1247 2693 1329 2742 lege

322 2754 481 2791 miseriae
503 2768 510 2790 :
531 2752 596 2789 sed
615 2753 685 2789 fuit
701 2753 790 2802 quia
809 2753 952 2799 voluit,
972 2761 1014 2789 ut
1034 2752 1130 2788 liber
1145 2752 1246 2788 inter
1261 2751 1329 2788 mi-

322 2826 426 2850 seros
445 2822 482 2850 et
502 2821 721 2863 peccatores
742 2821 948 2862 utrumque
961 2811 1097 2861 jugum
1116 2811 1291 2847 fraternis
1307 2824 1329 2847 a

322 2873 532 2910 cervicibus
561 2881 769 2909 excuteret.
795 2872 939 2910 Habuit
966 2872 1095 2922 itaque
1124 2880 1222 2909 totas
1252 2880 1327 2908 tres

319 2931 534 2977 libertates,
558 2933 720 2981 primam
741 2946 785 2970 ex
807 2933 975 2969 humana
997 2932 1109 2968 simul
1140 2940 1177 2968 et
1199 2931 1327 2968 divina

319 3000 475 3037 natura,
505 2992 669 3040 reliquas
697 3005 744 3028 ex
774 2992 903 3029 divina
936 2989 1134 3042 potentias
1154 2996 1325 3040 Quarum

319 3051 413 3088 duas
432 3050 662 3100 posteriores
684 3059 812 3086 utrum
837 3060 875 3087 et
894 3052 1039 3100 primus
1059 3051 1174 3087 homo
1195 3051 1232 3087 in
1254 3064 1325 3100 pa-

319 3112 445 3150 radiso
474 3110 671 3157 habuerit,
694 3111 754 3147 vel
781 3112 977 3160 quomodo
998 3121 1035 3148 et
1055 3120 1243 3162 quatenus
1264 3124 1326 3149 eas

318 3172 512 3219 habuerit,
531 3178 664 3222 postea
682 3169 908 3207 videbimus.

1395 2692 1521 2728 luntas
1548 2690 1714 2742 patiatur
1747 2705 1754 2726 :
1786 2689 1851 2726 sed
1879 2690 1991 2740 plane
2016 2690 2081 2726 illa
2098 2688 2290 2735 libertate,
2317 2701 2400 2739 quae

1396 2752 1534 2788 dicitur
1555 2765 1575 2789 a
1594 2758 1771 2801 peccatO,
1790 2763 1829 2786 se
1850 2763 1980 2786 carere
2001 2757 2200 2786 testantur.
2218 2751 2311 2785 Nam
2333 2746 2399 2797 qui

1394 2813 1476 2849 vult
1497 2811 1637 2848 habere
1658 2810 1799 2847 bonam
1816 2811 2075 2856 voluntatem,
2098 2808 2238 2859 probat
2267 2821 2306 2845 se
2330 2807 2399 2844 ha-

1395 2872 1485 2909 bere
1499 2873 1736 2909 voluntatem
1755 2887 1762 2908 :
1779 2884 1857 2907 non
1872 2871 1973 2907 enim
1987 2870 2070 2906 vult
2086 2868 2226 2906 habere
2240 2867 2396 2913 bonam,

1395 2933 1465 2969 nisi
1480 2946 1549 2982 per
1566 2932 1817 2968 voluntatem.
1839 2930 1952 2978 Quod
1971 2930 2001 2967 si
2017 2930 2252 2967 voluntatem
2267 2957 2277 2972 ‚
2297 2936 2335 2964 et
2348 2927 2396 2964 li-

1393 2991 1606 3037 bertatem3
1632 2991 1697 3028 sed
1726 2990 1941 3027 libertatem
1971 3003 1991 3026 a
2019 2988 2258 3033 necessitate,
2278 2999 2356 3024 non
2374 2999 2396 3022 a

1392 3060 1560 3101 peccato.
1576 3054 1720 3101 Nempe
1733 3058 1775 3086 ut
1789 3063 1866 3086 non
1882 3049 2016 3094 valeat,
2031 3061 2117 3084 cum
2134 3047 2239 3092 velit,
2258 3045 2396 3083 habere

1392 3110 1531 3148 bonam
1547 3139 1556 3157 ,
1586 3110 1699 3147 sentit
1725 3109 1880 3159 quidem
1906 3107 1978 3144 sibi
2001 3106 2130 3143 deesse
2156 3105 2393 3151 libertatem,

1393 3169 1456 3207 sed
1482 3170 1655 3220 profecto
1682 3168 1894 3205 libertatem
1918 3180 1938 3204 a
1967 3174 2142 3216 peccato,
2164 3178 2242 3215 quo
2265 3164 2394 3213 utique

367 3318 376 3333 ¹
397 3311 477 3344 Psal.
496 3321 602 3340 Lxxut
617 3334 624 3346 ,
652 3312 702 3340 19.
718 3327 761 3332 —-
780 3315 791 3329 a
809 3312 901 3339 Joan.
929 3320 1006 3342 viu,
1029 3312 1083 3339 30.
1102 3328 1142 3332 —-
1160 3307 1270 3341 31‘5111.
1291 3320 1450 3343 Lxxxxit,
1478 3312 1508 3337 6.
1526 3325 1566 3329 --
1588 3306 1599 3331 4
1624 3309 1640 3336 1-
1653 3309 1732 3336 Petr.
1750 3316 1797 3342 11,
1822 3308 1875 3335 29..
1892 3322 1934 3327 —-
1951 3302 1963 3325 5
1977 3307 2070 3335 Joan.
2090 3314 2111 3332 x
2125 3327 2132 3339 ,
2167 3305 2218 3333 18.
2234 3319 2276 3324 ·—
2291 3298 2306 3321 (ἶ
2320 3299 2389 3331 lsai.

316 3377 374 3397 1,111
390 3390 396 3402 ,
416 3369 445 3396 7.
464 3384 505 3386 -
522 3370 535 3393 7
552 3363 653 3394 Galat.
671 3374 716 3400 w,
739 3364 769 3399 4,
790 3366 818 3392 ξι.
