2517 3936
2 3801 30 3936 ssuaa
6 3758 8 3763 '
7 3727 11 3737 “

167 192 261 229 1561
640 200 907 238 LECTIONES
936 205 1210 241 VARIANrrls
1241 208 1299 242 ET
1328 209 1470 246 NOTAE
1498 212 1741 252 FUSIORES.

162 270 243 300 mari
268 268 438 312 deformem
466 284 476 302 .·
505 274 558 306 sed
589 277 738 310 mendosa
766 279 857 311 lectio
888 287 917 312 et
949 281 1169 324 interpunctio.

216 325 271 354 141
288 329 294 353 Ι
321 328 360 356 A.
377 326 468 367 legat.
482 346 527 350 -
541 329 625 360 Mira
638 337 683 361 est
704 331 762 362 hac
783 332 814 363 iu
834 344 867 363 re
883 333 1051 366 Abaelardi
1070 337 1169 378 impu-

162 375 286 412 dentia,
312 378 366 419 qui
393 389 464 410 cum
488 381 636 419 sentiret,
659 384 899 417 catechumenos
926 387 992 418 solo
1020 389 1169 430 Baptismi

162 429 230 460 vice
248 432 395 473 martyrio
408 433 521 464 salvari
535 445 642 476 pos=e,
657 442 689 466 ut
704 437 734 467 iu
750 439 918 482 Epistulam
933 439 972 470 ad
988 444 1146 472 Romanos
1159 466 1166 478 ,

162 492 233 525 pag.
263 487 326 516 564
342 508 350 522 ,
378 491 408 517 01
429 485 460 516 111
486 488 616 529 epistola
640 491 670 525 7,
695 489 734 519 ad
760 491 952 530 Heloissam,
981 503 1051 534 pag.
1082 498 1167 531 129;

163 536 371 569 Ambrosium
393 539 434 570 ait
459 554 473 566 α
501 541 657 572 contraria
676 542 749 574 fidei
773 559 785 570 »
807 543 865 575 1130
885 545 916 575 in
936 556 969 576 re
988 547 1146 588 scripsisse
1159 571 1166 584 ‚

163 591 202 623 ad
213 591 355 624 dolorem
363 594 579 626 Valentiniani
592 605 734 626 sororum
745 596 783 627 de
794 597 859 638 ejus
870 604 969 629 morte
978 599 1168 630 leniendum.

214 649 302 678 1442
320 651 360 679 A.
382 649 500 680 nescio.
523 668 569 672 —
590 653 627 680 In
644 649 712 680 aliis
734 650 823 681 editis
843 652 954 682 Nescio
973 651 1073 696 quid:
1091 659 1121 684 at
1138 654 1168 684 in

162 700 284 743 scriptis
300 702 415 733 Nescio
428 702 570 734 absolute
584 727 592 740 ‚
611 707 641 733 et
661 703 792 740 rectius,
809 710 842 734 ut
863 705 901 735 sit
918 715 1024 735 seusus
1035 729 1042 742 ‚
1066 705 1169 738 Abae-

162 753 285 786 lardum
304 754 343 786 ad
363 755 481 787 nullam
501 756 706 798 quaestionem
736 755 872 793 haerere,
901 767 958 788 nec
977 757 1167 790 inscientiam

162 817 250 839 suam
268 807 371 840 fateri.

214 858 304 889 1442
317 859 353 889 Β.
369 864 442 889 ante
457 860 752 892 rationem.—Haec
769 861 808 893 ad
823 873 947 894 sensum
964 874 1001 894 ex
1018 864 1073 895 lib.
1088 868 1104 895 2
1118 868 1168 896 In-

160 909 369 943 troductionis
385 911 424 943 ad
442 912 646 956 Theologiam
661 938 668 950 ‚
689 925 783 956 quam
799 914 946 958 deinceps
966 916 1167 959 'l'lieologiam

162 962 344 1006 simpliciter
371 966 611 1008 appellabimus.
636 967 744 999 Verba
767 967 835 999 haec
861 975 1027 1011 sunt‘pag.
1057 973 1169 1002 1060.-

163 1030 177 1043 ι
198 1016 269 1049 Cito
282 1024 385 1050 autem
404 1019 469 1051 sive
487 1019 577 1051 facile
598 1021 695 1052 credit
713 1046 721 1059 ,
741 1021 794 1063 qui
816 1021 983 1054 indiscrete
1000 1029 1093 1065 atque
1112 1024 1166 1055 im-

163 1083 180 1095 »
196 1071 329 1112 provide
341 1072 381 1104 de
396 1072 444 1104 his
463 1084 533 1115 quae
550 1073 657 1106 dicunt
676 1074 762 1116 prius
782 1075 971 1116 acquiescit,
995 1087 1089 1118 quam
1109 1076 1168 1108 hoc

164 1140 178 1153 ¹·
192 1126 221 1158 ei
236 1126 321 1169 quod
336 1126 541 1169 persuadetur
559 1128 664 1169 ignota
687 1128 807 1159 ratione
820 1152 828 1166 ,
848 1135 1000 1170 quantum
1015 1130 1096 1161 valet
1110 1130 1169 1161 dis-

170 1193 184 1206 ·
195 1180 293 1212 cutiat
304 1204 313 1218 ,
327 1191 367 1211 an
386 1180 503 1212 scilicet
517 1180 659 1212 adhiberi
673 1181 701 1212 ei
716 1181 808 1212 fidem
821 1182 996 1213 conveniat.
1022 1198 1035 1210 u

213 1235 301 1265 1443
323 1237 365 1266 Α.
392 1234 592 1275 intelligatur.
618 1252 662 1257 -
688 1237 763 1265 Haec
783 1235 855 1266 item
878 1235 917 1266 ad
941 1247 1065 1267 sensum
1090 1236 1167 1267 ibid.

161 1296 233 1328 pag.
262 1289 363 1319 1063.
389 1302 401 1314 «
422 1287 508 1328 Quid
529 1286 657 1329 prodest
680 1287 847 1319 locutionis
869 1288 1050 1330 integritas,
1074 1300 1167 1331 quam

163 1353 177 1366 n
191 1350 257 1370 non
282 1340 423 1382 sequitur
447 1340 623 1372 intellectus
647 1341 824 1372 audientis?
841 1356 854 1368 ι»
870 1347 930 1372 010.

212 1395 301 1426 1443
319 1396 356 1425 Β.
373 1393 413 1425 ad
426 1404 479 1425 aes.
494 1413 541 1416 —
553 1394 589 1424 ld
601 1394 660 1425 sibi
678 1409 691 1421 σ
711 1405 766 1436 per
780 1395 929 1426 malitiam
949 1401 1001 1426 aut
1015 1406 1168 1437 pererro·

163 1460 176 1472 n
195 1455 263 1477 rem
277 1461 290 1473 ιι
306 1447 488 1489 impositum
506 1448 647 1490 queritur
663 1447 863 1479 Abaelardus
882 1448 913 1479 in
924 1449 1080 1490 Apologia
1098 1460 1165 1487 sua,

159 1509 234 1542 pag.
251 1503 314 1531 331
328 1523 337 1537 ,
356 1507 449 1542 atque
463 1508 612 1543 tanquam
628 1500 782 1532 diabolica
797 1501 939 1543 quaedam
951 1512 983 1532 se
999 1501 1169 1534 abhorrere

161 1558 194 1583 et
206 1552 354 1584 detestari
375 1553 461 1585 dicit.
483 1558 604 1585 Verum
622 1564 797 1595 anonymus
814 1555 881 1596 ejus
902 1554 1060 1595 quondam
1081 1555 1169 1586 disci-

160 1605 270 1647 pulus,
299 1612 407 1648 postea
429 1606 629 1648 impugnator
642 1630 650 1643 ,
667 1606 768 1637 editus
782 1606 814 1637 in
828 1612 912 1638 tomo
929 1610 947 1638 4
967 1607 1168 1638 Bibliothecae

161 1658 374 1689 cisterciensis
386 1682 394 1694 ‚
413 1658 628 1690 Abaelardum
644 1658 797 1689 mendacii
817 1660 878 1690 11οο
894 1660 962 1690 1000
979 1661 1079 1701 arguit
1093 1671 1164 1702 pag.

163 1714 243 1743 239.
263 1727 278 1738 α
294 1715 343 1743 Αο
361 1712 499 1754 primum
518 1711 663 1753 requiro,
687 1727 701 1737 n
715 1711 836 1753 inquit,
863 1727 875 1738 n
895 1723 950 1743 cur
972 1719 1085 1744 sanctae
1099 1713 1169 1744 reli-

163 1779 177 1792 ·
199 1765 297 1807 gionis
316 1771 348 1796 et
368 1765 474 1807 magni
504 1764 639 1796 nominis
660 1764 808 1796 abbatem
834 1765 991 1797 insimulet
1021 1766 1097 1797 salsa
1121 1766 1167 1797 dj-

163 1833 180 1844 »
201 1818 303 1855 xisse,
335 1818 408 1859 quia
434 1818 467 1849 in
489 1817 661 1859 Theologia
692 1828 748 1848 sua
769 1818 941 1860 scripserit.
964 1819 1076 1850 Filium
1105 1830 1170 1850 esse

163 1886 177 1899 n
199 1871 370 1914 quamdam
386 1871 559 1914 potentiam
572 1894 579 1908 ‚
603 1870 752 1913 Spiritum
771 1871 911 1901 sanctum
924 1872 1064 1902 nullam?
1076 1887 1088 1898 υ
1107 1878 1166 1904 010.

161 1927 245 1956 Tum
266 1924 380 1967 probat
402 1924 435 1955 id
459 1923 499 1955 ab
521 1924 590 1966 ipso
618 1923 798 1955 Abaelardo
827 1924 946 1955 dictum
962 1948 969 1961 ,
1001 1924 1166 1957 referendo

162 1978 228 2020 ejus
248 1977 345 2009 verba
363 1977 452 2019 quasi
473 1988 511 2008 ex
533 1976 708 2019 Apologia,
730 1977 762 2007 in
781 1987 842 2017 qua
861 1976 954 2007 modo
979 1987 1013 2007 ea
1038 1988 1101 2008 non
1122 1978 1166 2009 le-

161 2037 276 2073 guntur
288 2055 295 2067 ‚
314 2031 360 2062 uti
380 2041 439 2062 nec
459 2041 495 2062 ea
517 2041 585 2072 quae
599 2030 681 2061 idem
695 2040 869 2072 anonymus
883 2029 976 2060 refert
992 2040 1063 2072 pag.
1086 2033 1164 2062 242.

161 2085 224 2117 Sed
240 2084 437 2116 Ahaelardus
462 2084 495 2115 in
515 2083 687 2125 Theologia
705 2093 759 2113 sua
782 2082 821 2113 de
843 2082 921 2113 Filio
944 2082 1033 2113 docet
1056 2083 1089 2113 in
1110 2084 1165 2115 lib.

166 2141 208 2177 1,
230 2149 301 2181 pag.
324 2141 387 2169 991
416 2148 423 2169 :
448 2152 461 2164 ιι
487 2140 541 2168 Ε51
562 2137 667 2178 itaque
701 2135 807 2167 divina
839 2135 998 2177 Sapientia
1023 2136 1167 2177 quaedam

162 2206 176 2218 ιι
199 2191 305 2223 divina
325 2191 487 2234 potentia,
512 2205 525 2217 n
545 2196 606 2221 etc.
629 2195 660 2220 et
686 2189 719 2219 in
742 2188 822 2219 libro
847 2192 865 2219 2
893 2187 931 2218 de
952 2188 1030 2219 Filio
1051 2195 1082 2219 et
1099 2190 1168 2232 Spi-

162 2245 226 2277 ritu
249 2251 356 2276 sancto
369 2268 377 2282 ‚
396 2250 431 2276 ut
449 2255 523 2275 mox
543 2242 731 2274 notabimus.

213 2301 301 2330 1443
325 2301 361 2330 Β.
383 2297 569 2329 substantia.
584 2294 809 2327 —Abaelardi
835 2293 930 2325 verba
953 2293 1019 2324 haec
1038 2299 1109 2325 sunt
1134 2294 1166 2325 in

162 2352 219 2385 lib.
241 2355 280 2389 2,
308 2362 379 2394 pag.
413 2354 499 2383 1085
522 2361 530 2382 ι
555 2365 567 2377 «
597 2351 677 2382 Cum
710 2349 816 2389 itaque
841 2353 904 2378 tam
935 2347 1046 2382 Filius,
1074 2357 1167 2388 quam

164 2420 178 2433 ι
197 2405 330 2448 Spiritus
351 2410 476 2436 sanctus
497 2415 536 2435 ex
556 2406 647 2434 Patre
666 2401 723 2439 sit,
746 2400 798 2432 hic
816 2400 942 2442 quidem
964 2399 1102 2441 genitus,
1116 2400 1168 2431 ille

163 2474 180 2487 »
198 2458 389 2502 procedens;
415 2457 521 2489 differt
539 2456 573 2487 in
593 2466 630 2487 eo
653 2454 809 2497 generatio
826 2453 893 2495 ipsa
914 2464 931 2483 a
954 2452 1164 2494 processione,

163 2526 178 2540 ι
199 2512 286 2554 quod
303 2512 329 2543 is
349 2511 404 2554 qui
422 2516 590 2553 generatur
602 2532 610 2545 ,
635 2520 673 2540 ex
694 2508 762 2550 ipsa
783 2506 883 2538 Patris
904 2505 1075 2537 substantia
1095 2511 1141 2536 est
1156 2529 1164 2543 ‚

165 2580 181 2592 n
199 2576 271 2597 cum
289 2565 356 2608 ipsa
386 2564 399 2604 (
417 2570 452 2595 ut
471 2563 588 2595 dictum
607 2568 653 2593 est
671 2561 683 2603 )
707 2559 865 2602 Sapientia
881 2583 888 2597 ‚
914 2558 974 2589 hoc
993 2564 1039 2589 est
1066 2558 1168 2600 ipsum

165 2633 179 2646 ι
199 2629 266 2650 0550
285 2618 420 2655 habeat,
444 2622 478 2648 ut
498 2617 537 2648 sit
556 2615 698 2658 quaedam
717 2613 856 2656 potentia
877 2623 884 2644 :
911 2612 976 2654 ipse
998 2622 1072 2642 vero
1098 2611 1168 2642 cha-

165 2686 179 2699 »
198 2672 298 2704 ritatis
316 2670 446 2702 affectus
475 2669 572 2712 magis
592 2668 631 2699 ad
652 2667 877 2709 benignitatem
896 2663 990 2695 31111111
1013 2675 1106 2705 quam
1129 2663 1168 2694 ad

165 2740 181 2752 ν»
197 2725 375 2768 0010011311]Α
391 2723 531 2754 attineat.
564 2721 655 2752 Unde
674 2720 756 2751 bene
784 2719 879 2750 Filius
907 2728 946 2748 ex
972 2721 1063 2749 Patre
1087 2717 1168 2758 gigni

165 2793 179 2805 ι
198 2778 331 2817 dicitur,
351 2777 412 2809 hoc
436 2782 482 2808 est
497 2800 505 2814 ,
528 2786 566 2807 ex
588 2775 655 2817 ipsa
674 2772 774 2804 Patris
794 2770 967 2802 substantia
985 2769 1109 2812 proprie
1125 2769 1170 2799 di-

166 2846 180 2859 n
202 2831 283 2863 citur
310 2841 397 2868 esse,
417 2845 430 2858 n
457 2835 517 2861 etc.
548 2826 708 2860 Immerito
729 2825 834 2866 itaque
847 2848 854 2860 ‚
880 2834 920 2854 ne
940 2823 1041 2854 dicam
1067 2822 1169 2864 impu-

165 2884 276 2917 denter
288 2909 296 2923 ,
323 2883 356 2916 id
371 2895 389 2915 3
405 2894 439 2915 50
458 2882 616 2925 prolatum
636 2879 792 2911 inficiatur
811 2876 1007 2909 Abaelardus
1026 2876 1057 2906 in
1082 2879 1168 2917 Apo-

164 2937 248 2980 logia
265 2948 320 2969 sua
331 2962 338 2975 ‚
355 2943 449 2979 atque
472 2951 485 2962 «
504 2935 630 2967 malitiae
646 2933 694 2964 vel
710 2930 891 2973 ignorantiae
912 2945 924 2956 »ι
943 2929 1086 2970 imputat.

217 2993 304 3023 1444
325 2994 363 3022 Β.
385 2989 558 3022 Catholica.
576 3007 623 3011 —
638 2986 721 3018 Editi
743 2984 863 3015 addunt
877 2980 979 3025 fideS,
1008 2980 1093 3022 quod
1112 2991 1169 3011 no·

166 3055 240 3076 men
258 3044 345 3076 deest
365 3043 399 3075 in
420 3042 579 3075 codicibus
598 3038 828 3080 manuscriptis.
848 3038 920 3066 Vox
936 3034 1110 3076 Augustino
1127 3033 1170 3064 fa-

170 3098 301 3129 miliaris
314 3097 354 3129 ad
369 3095 605 3139 significandam
620 3093 803 3125 catholicam
816 3089 909 3120 fidem
922 3088 972 3118 vel
987 3087 1167 3124 Ecclesiam,

166 3151 200 3182 in
225 3150 423 3183 Confession.
448 3149 574 3192 passim,
603 3153 637 3179 ut
655 3146 711 3177 lib.
737 3149 768 3182 5,
794 3153 861 3184 cap.
884 3143 944 3179 14;
964 3140 1017 3171 lib.
1040 3144 1073 3177 6,
1102 3149 1169 3181 cap.

168 3207 211 3243 4;
235 3204 292 3236 lib.
319 3207 336 3236 7
352 3227 361 3242 ‚
388 3214 458 3246 cap.
483 3206 496 3234 1
515 3227 523 3241 ‚
544 3208 575 3233 et
593 3202 627 3232 in
642 3199 722 3231 libro
739 3203 847 3230 contra
863 3193 1081 3231 Mendacium,
1101 3203 1168 3234 cap.

170 3261 202 3290 7.
219 3257 335 3291 Confer
354 3256 550 3288 Bernardum
565 3279 573 3293 ‚
601 3253 655 3285 lib.
679 3256 696 3284 3
719 3252 758 3283 (10
776 3247 1049 3283 Consideratione,
1079 3257 1110 3276 n.
1134 3248 1168 3281 3,

167 3318 199 3343 01
224 3321 383 3343 sermones
407 3310 439 3342 in
460 3309 588 3342 Cantica
615 3310 655 3339 64
688 3312 718 3337 01
748 3309 813 3341 65,
841 3313 874 3333 n·
895 3303 936 3336 8,
962 3311 998 3331 ac
1021 3304 1062 3331 66
1083 3310 1115 3329 Π·
1136 3300 1168 3328 4·

2132 227 2227 264 1562

1289 287 1373 315 1445
1391 288 1431 316 Α.
1448 286 1587 327 cogitari.
1606 308 1647 311 —
1668 294 1755 322 Ham·
1779 293 1817 325 de
1843 297 1908 327 Deo
1934 299 2090 331 notionem
2116 304 2224 344 probat

1235 336 1368 367 maxime
1391 339 1554 370 Anselmus
1579 341 1608 370 in
1627 345 1764 374 Monulov

1758 346 1805 385 gio
1825 353 1852 378 et
1874 349 1904 380 iu
1931 352 2151 393 Apologetiro,
2168 362 2225 387 sta-

1235 388 1288 419 tim
1303 389 1343 420 ab
1361 389 1461 422 1111110.

1285 444 1370 473 1445
1396 446 1436 474 D.
1469 444 1698 479 dissimilitudo.
1723 468 1760 473 —
1789 454 1907 492 Legesis
1927 457 2083 489 (luillelmi
2107 463 2224 492 Sancti-

1234 493 1421 526 Tlieoderici
1436 496 1558 529 abbatis
1574 506 1666 541 caput
1687 504 1703 531 2
1719 511 1825 534 contra
1840 506 2059 541 Abaclardum.

1286 549 1369 578 1447
1392 551 1428 580 C.
1446 551 1616 582 constituit.
1633 571 1678 574 —
1694 554 1810 585 Eodem
1838 556 1901 588 sere
1923 561 2013 591 modo
2031 563 2060 593 111
2083 565 2227 597 Abaelar-

1233 598 1307 629 dum
1330 600 1485 632 invehitur
1503 603 1669 634 Gualterus
1693 606 1857 648 episcopus
1881 612 2089 645 Laudunensis
2114 617 2142 647 in
2161 619 2224 660 epi-

1232 652 1311 683 stola
1330 653 1369 683 ad
1385 664 1455 684 eum
1469 679 1477 692 ,
1499 661 1584 686 tomo
1606 660 1623 687 2
1639 657 1791 700 Spicilegii
1807 685 1813 697 ,
1833 672 1901 703 pag.
1918 666 1993 695 473.

1286 707 1365 736 1451
1388 708 1423 737 Β.
1441 707 1513 749 legi.
1528 711 1650 739 -1100
1667 719 1883 752 argumentum
1901 716 2018 755 attingit
2035 718 2224 753 Abaelardus

1232 756 1286 787 lib.
1304 761 1322 788 2
1340 759 1561 791 Commentarii
1579 761 1609 791 in
1626 762 1794 804 Epistolam
1811 765 1849 796 ad
1865 770 2021 800 Romanos
2035 794 2042 807 ‚
2059 774 2225 812 qua-stione

1232 809 1353 851 prima:
1379 817 1452 843 tunc
1478 813 1568 844 infert
1593 825 1662 857 pag.
1684 820 1748 848 553
1764 824 1792 848 01
1821 822 1884 851 554
1900 844 1907 857 ,
1934 836 1945 845 ·=
1965 822 1995 852 Si
2014 834 2073 864 qua
2087 835 2159 856 vero
2176 826 2227 858 de-

1238 878 1250 888 »
1270 870 1340 895 sunt
1357 865 1561 906 perfectioni,
1582 867 1763 911 Theologiae
1785 878 1898 903 nostrae
1925 876 2066 906 tractatui
2090 887 2227 910 reserva-

1237 930 1250 941 »
1268 926 1346 947 mus.
1371 932 1382 944 υ
1404 921 1445 949 Α1
1466 919 1571 951 mutila
1588 927 1632 952 est
1654 921 1821 954 Abaelardi
1835 924 2003 967 Theologia
2024 929 2144 970 vulgata
2158 956 2165 968 ‚
2195 932 2226 962 in

1232 978 1292 1009 qua
1310 980 1373 1000 non
1398 970 1512 1013 inveni·
1528 973 1623 1004 verba
1636 998 1643 1011 ,
1672 985 1740 1016 quae
1761 987 1831 1007 mox
1858 978 1949 1010 refert
1970 982 2160 1020 Bernartius.
2181 991 2223 1015 ta-

1233 1022 1320 1052 metsi
1345 1033 1413 1063 quae
1427 1023 1478 1055 1110
1500 1025 1704 1058 irreverenter
1720 1028 1802 1060 dicta
1821 1037 1928 1063 contra
1946 1035 2050 1064 Patres
2071 1046 2108 1066 ex
2122 1036 2223 1068 Abne-

1232 1074 1319 1105 lardo
1334 1084 1543 1108 memorantur
1554 1103 1561 1116 ,
1582 1080 1663 1121 apud
1684 1091 1753 1111 eum
1768 1082 1831 1113 tere
1845 1083 1988 1125 leguntur
2002 1086 2031 1117 in
2047 1087 2224 1131 Theologiae

1233 1125 1287 1157 lib.
1311 1130 1350 1164 3,
1378 1139 1447 1170 pag.
1481 1132 1566 1162 1118
1582 1156 1589 1169 ‚
1617 1132 1669 1162 ubi
1694 1133 1732 1163 de
1755 1136 1891 1175 potentia
1914 1138 1987 1174 Dei:
2014 1139 2127 1171 diserte
2153 1153 2225 1174 vero

1233 1179 1265 1210 in
1282 1180 1452 1212 Abaelardi
1468 1183 1602 1225 capitulo
1620 1196 1672 1221 11,
1694 1196 1786 1228 supra
1805 1189 1863 1219 col.
1897 1192 1995 1221 1437.

1287 1236 1370 1265 1457
1401 1237 1439 1265 D.
1458 1236 1561 1267 modo.
1593 1255 1632 1259 —
1658 1241 1731 1269 111νο
1759 1240 1882 1280 quidem
1911 1243 1992 1283 apud
2023 1244 2225 1279 Abaelardum

1233 1279 1286 1310 lib.
1306 1284 1322 1311 2
1347 1281 1377 1311 10
1395 1282 1491 1323 Epist.
1510 1283 1549 1313 ad
1567 1287 1741 1322 Romanos,
1763 1297 1832 1328 pag.
1858 1292 1942 1325 550,
1959 1289 2011 1320 sed
2026 1293 2225 1332 quaestionem

1234 1333 1436 1374 proponendo
1451 1359 1458 1371 ,
1481 1346 1544 1366 non
1560 1338 1725 1369 asserendo
1736 1363 1743 1375 ‚
1764 1339 1807 1370 uti
1824 1346 1853 1371 et
1871 1351 1904 1371 ea
1925 1352 1992 1382 quae
2007 1352 2187 1385 sequuntur.

1285 1388 1369 1417 1458
1390 1390 1422 1418 B.
1447 1388 1601 1430 Scriptum
1631 1395 1675 1420 est
1700 1391 1793 1422 enim.
1816 1411 1860 1415 *-
1890 1396 1980 1425 1111110
1996 1402 2174 1429 contextum
2194 1399 2224 1430 iu

1233 1449 1301 1469 eam
1318 1450 1382 1470 rem
1399 1440 1491 1471 etiam
1505 1441 1631 1473 adducit
1651 1442 1845 1474 Abaelardus
1862 1455 1932 1487 pag.
1951 1450 2027 1478 555.

1286 1494 1370 1522 1458
1396 1494 1436 1523 D.
1467 1494 1641 1525 sustineret.
1663 1514 1705 1517 —
1726 1499 1764 1527 Et
1792 1496 1856 1528 hstc
1883 1498 1947 1540 ipsa
1976 1500 2069 1532 verba
2088 1502 2228 1543 leguntur

1234 1545 1317 1586 apud
1337 1545 1547 1577 Abaelardum
1562 1547 1670 1578 eodem
1686 1548 1716 1578 in
1734 1549 1802 1579 1000
1816 1574 1823 1586 ,
1846 1561 1914 1591 pag.
1935 1555 2011 1583 552.
2027 1554 2086 1584 Sed
2100 1555 2228 1586 interro-

1234 1597 1326 1638 gandi
1343 1598 1434 1628 modo
1453 1608 1461 1629 z
1478 1600 1596 1630 tametsi
1617 1601 1682 1641 ejus
1702 1601 1814 1632 solutio
1827 1626 1834 1638 ‚
1865 1614 1932 1644 quat
1951 1604 2166 1647 subsequitur,
2185 1608 2224 1639 ab

1232 1649 1291 1681 hac
1308 1650 1448 1681 doctrina
1467 1662 1531 1682 non
1553 1653 1680 1684 recedit.
1702 1657 1781 1695 Ergo
1799 1655 1946 1697 malignas
1965 1658 2114 1698 ejusmodi
2137 1671 2222 1701 (1010-

1233 1702 1348 1734 stiones
1363 1704 1455 1734 sensit
1473 1705 1659 1736 Bernardus.

1287 1759 1372 1787 1460
1386 1761 1427 1788 A.
1444 1757 1626 1789 ait.—-Haec
1637 1759 1740 1790 omnia
1754 1771 1821 1801 quae
1834 1760 1884 1792 hic
1900 1773 1937 1792 ex
1954 1761 2131 1795 Abaelardo
2146 1765 2223 1797 refe-

1236 1817 1346 1841 runtur
1359 1834 1366 1847 ‚
1388 1810 1605 1852 interrogantis
1630 1819 1718 1850 sunt,
1741 1824 1809 1854 pag.
1835 1818 1898 1844 552
1916 1820 1945 1845 01
1965 1819 2040 1847 553.
2059 1819 2096 1846 Et
2114 1819 2224 1850 merito

1235 1862 1358 1904 quidem
1375 1862 1439 1894 haec
1453 1869 1600 1905 tanquam
1614 1864 1781 1896 Abaelardi
1798 1866 1908 1907 placita
1922 1866 2013 1898 refert
2027 1870 2200 1902 Bernardus
2213 1895 2220 1908 ,

1233 1927 1302 1947 cum
1329 1917 1360 1947 in
1378 1917 1530 1947 solutione
1546 1928 1580 1948 ea
1601 1928 1663 1948 non
1683 1918 1797 1955 diluat,
1817 1918 1868 1949 sed
1885 1920 2058 1961 approbare
2074 1922 2223 1955 videatur.

1233 1969 1321 2000 Idem
1345 1976 1470 2001 censent
1490 1970 1641 2012 Theologi
1665 1972 1850 2002 Parisienses
1867 1972 1954 2003 initio
1975 1984 2102 2015 operum
2122 1975 2224 2007 ,41130-

1232 2021 1322 2052 lardi.
1337 2025 1375 2053 Et
1395 2033 1468 2053 sane
1492 2022 1687 2054 Abaelardus
1712 2035 1775 2054 non
1788 2024 1911 2065 negaxit
1934 2024 2014 2056 banc
2027 2036 2113 2057 suam
2135 2028 2226 2059 fuisse

1232 2080 1367 2105 mentem
1379 2099 1386 2111 ‚
1402 2085 1459 2106 nec
1472 2074 1504 2105 id
1519 2075 1578 2105 sibi
1594 2075 1605 2116 (
1619 2075 1702 2116 quod
1716 2076 1747 2106 in
1763 2076 1828 2107 aliis
1844 2077 1946 2118 solet)
1966 2089 2021 2119 per
2040 2079 2223 2111 calumniam

1232 2127 1411 2168 impositum
1430 2134 1596 2158 causatur:
1620 2128 1674 2159 sed
1694 2129 1837 2170 opposito
1858 2129 2032 2161 testimonio
2050 2133 2225 2165 emendavit

1231 2179 1264 2210 in
1280 2180 1435 2222 Apologia
1451 2191 1505 2211 sua
1520 2204 1527 2217 ‚
1546 2180 1594 2211 his
1610 2181 1712 2212 verbis
1726 2191 1734 2212 :
1756 2196 1768 2206 κ
1789 2182 1895 2212 Solum
1912 2183 2024 2213 Filium
2041 2185 2098 2214 Dei
2123 2185 2224 2216 iucar—

1237 2248 1250 2259 ι»
1273 2239 1381 2263 natum
1403 2232 1570 2274 profiteor,
1585 2239 1619 2264 ut
1644 2244 1700 2264 nos
1726 2244 1743 2264 a
1767 2234 1913 2265 servitute
1932 2236 2047 2276 peccati
2064 2243 2093 2267 et
2112 2248 2129 2268 a
2150 2239 2224 2280 jugo

1237 2301 1249 2312 »ι
1268 2285 1384 2316 diaboli
1411 2286 1577 2324 liberaret,
1602 2292 1631 2317 et
1652 2297 1792 2329 supemae
1816 2286 1935 2318 aditum
1961 2288 2030 2319 vitae
2050 2296 2149 2321 morte
2168 2302 2223 2322 sua

1236 2353 1249 2365 ιι
1270 2344 1435 2369 reseraret.
1462 2354 1475 2365 ι»

1283 2394 1364 2422 1461
1387 2394 1421 2422 Β.
1436 2391 1749 2423 commendationem.
1765 2411 1802 2414 --
1815 2395 1890 2423 Haec
1903 2398 1933 2423 et
1952 2403 2020 2434 quae
2033 2400 2203 2435 sequuntur
2214 2420 2222 2433 ‚

1232 2444 1271 2476 ad
1286 2455 1409 2475 sensum
1435 2445 1560 2477 invenio
1582 2444 1613 2476 in
1638 2445 1791 2476 solutione
1810 2455 1878 2487 pag.
1903 2449 1967 2477 553
1994 2452 2023 2477 01
2043 2457 2114 2488 pag.
2134 2450 2197 2479 584
2212 2472 2220 2486 ,

1231 2508 1294 2529 non
1314 2497 1352 2529 de
1369 2497 1476 2529 verbo.

1285 2559 1369 2588 1472
1388 2559 1423 2589 C.
1449 2556 1644 2598 dignitatem.
1664 2575 1708 2579 -—
1734 2559 1855 2598 Nempe
1879 2562 1950 2588 ante
1976 2567 2072 2588 annos
2098 2558 2222 2599 triginta

1232 2610 1297 2641 fieri
1318 2615 1441 2641 cautum
1466 2615 1531 2640 erat
1551 2609 1582 2640 in
1606 2609 1743 2640 conciliis
1762 2609 2003 2640 Neocaesan'ensi
2020 2633 2027 2641 .
2055 2610 2224 2651 Agathensi

1232 2663 1305 2694 anni
1326 2666 1389 2693 506
1404 2686 1412 2699 ,
1435 2662 1467 2692 10
1494 2661 1665 2692 Arelatensi
1685 2665 1742 2698 IV,
1767 2667 1797 2692 et
1821 2661 1897 2692 aliis.
1920 2661 2104 2703 Agathensis
2123 2674 2223 2696 canon

1239 2718 1275 2746 17
1298 2726 1305 2746 ;
1331 2730 1343 2741 υ
1370 2714 1587 2757 Presbyterum
1610 2721 1640 2746 et
1659 2714 1838 2756 episcopum
1857 2720 1928 2745 ante
1950 2715 2074 2755 triginta
2101 2726 2197 2747 annos
2211 2741 2219 2754 ‚

1235 2784 1247 2795 n
1263 2769 1294 2799 id
1310 2775 1375 2805 est,
1395 2774 1559 2810 antequam
1582 2767 1622 2798 ad
1639 2767 1695 2797 viri
1718 2767 1846 2809 perfecti
1869 2773 1989 2798 aetatem
2018 2769 2220 2810 perveniant,

1235 2837 1247 2849 »
1261 2828 1290 2852 et
1307 2821 1453 2852 diaconos
1471 2827 1542 2851 ante
1567 2820 1673 2861 viginti
1693 2820 1830 2862 quinque
1851 2820 1953 2850 nullus
1975 2821 2225 2862 metropolitano-

1236 2890 1248 2900 »ι
1262 2885 1330 2905 rum
1355 2873 1499 2904 ordinare
1519 2878 1683 2914 przesumat
1697 2897 1704 2909 ‚
1728 2888 1740 2898 u
1770 2879 1828 2904 etc.
1851 2875 1898 2903 Ita
1919 2872 2002 2915 apud
2023 2872 2221 2911 Bochellum,

1234 2938 1304 2958 cum
1322 2925 1403 2967 apud
1431 2925 1629 2957 Sirmundum
1651 2925 1730 2955 desit
1747 2925 1831 2956 locus
1849 2924 1888 2955 de
1903 2924 2058 2961 diaconis,
2077 2924 2115 2955 ad
2133 2935 2222 2966 quem

1235 2978 1415 3010 Bernardus.
1437 2977 1488 3008 1110
1519 2978 1664 3019 respicit,
1696 2978 1782 3018 cujus
1804 2983 1944 3018 tempore
1976 2977 2022 3007 lex
2047 2977 2103 3007 ista
2123 2977 2224 3008 adhuc

1237 3031 1375 3073 figebat,
1395 3037 1428 3062 111
1453 3037 1538 3073 patet
1560 3041 1598 3061 ex
1622 3029 1822 3073 sequentibus
1848 3029 1960 3060 verbis.
1984 3029 2101 3070 Saepius
2123 3035 2224 3059 tamen

1236 3085 1276 3116 ab
1300 3084 1450 3126 episcopis
1464 3083 1675 3125 dispensatum
1686 3107 1693 3120 ,
1710 3082 1844 3113 maxime
1867 3082 1897 3111 in
1912 3081 1978 3122 pios
1993 3080 2084 3110 viros.

1289 3140 1372 3169 1477
1389 3139 1425 3167 Β.
1446 3136 1598 3167 Banchor.
1614 3154 1656 3158 -—-
1678 3134 1821 3166 Banchor
1841 3139 1967 3164 vocatur
1987 3133 2018 3163 in
2037 3133 2110 3163 actis
2127 3133 2223 3163 sancti

1239 3188 1424 3222 Columbani
1440 3213 1447 3226 ,
1472 3188 1565 3219 situm
1593 3189 1626 3220 in
1646 3187 1773 3218 Ultonia
1798 3186 1956 3217 Hiberniae
1973 3184 2155 3227 provincia;
2179 3185 2226 3215 di-

1238 3241 1455 3283 stinguendum
1483 3240 1522 3271 ab
1550 3241 1611 3272 alio
1643 3238 1817 3281 cognomini
1847 3238 2049 3275 monasterio,
2082 3237 2165 3278 quod
2194 3237 2227 3268 in

1243 3294 1376 3332 wallia,
1403 3293 1522 3335 Angliae
1547 3294 1688 3335 regione,
1716 3292 1849 3323 locatum
1862 3297 1937 3321 erat.

786 3384 1682 3406 .-γ-’,ψ
