2565 3952
39 111 114 150 573

36 203 98 229 eas
126 186 251 225 obviis
283 184 483 231 manibus3
504 183 671 222 libenter
690 184 783 234 legi,
808 183 976 221 libenter
996 197 1058 221 re-

960 108 1229 144 EPISTOLAE.

1069 182 1119 201 277

2073 111 2151 150 574

1130 193 1187 221 set
1206 183 1367 221 inutilis.
1383 187 1499 222 Forte
1520 184 1674 222 favente
1688 189 1772 223 Deo
1793 199 1874 223 non
1895 187 2072 226 deessent
2093 191 2160 240 qui

36 250 128 301 legi,
151 247 218 286 sed
238 246 421 284 libentius
442 254 478 282 te
501 245 696 283 vidissem.
717 244 810 294 Legi
830 244 870 281 in
893 244 968 280 illis
996 243 1062 281 (le—
1078 250 1110 283 A
1129 253 1164 282 te
1193 254 1452 296 sequerentur
1480 254 1739 283 revertentem
1769 247 1817 283 ad
1846 247 2162 288 subveniendum

37 310 215 350 siderium
231 317 339 345 tuum
362 306 521 344 videndi
542 320 622 351 me,
641 306 716 356 legi
733 313 771 342 et
784 313 930 342 metum
947 313 1059 342 tuum

37 385 108 426 pro
137 369 311 423 periculo
336 377 470 415 terrae,
492 381 609 418 quam
637 366 830 405 Dominus
859 379 927 403 sua
957 380 1060 417 prae-

37 432 155 472 sentia
180 429 408 476 honoravit;
429 429 605 479 periculo
635 427 818 473 civitatis,
843 440 960 477 quam
988 440 1059 464 suo

2 519 5 533 ι
37 492 219 544 sanguine
237 490 441 528 dedicavit.
459 493 525 527 Vae
545 487 788 539 principibus
812 489 956 526 nostris
968 490 996 526 *.
1011 493 1058 526 In

38 564 138 594 terra
169 550 326 589 Domini
350 549 444 587 nihil
471 548 565 586 boni
592 548 796 585 fecerunt:
818 548 858 584 in
892 548 988 595 suis,
1011 548 1060 585 ad

37 626 130 669 qaas
146 612 330 650 velociter
352 610 572 655 redierunt,
590 609 858 647 incredibilem
876 618 1060 647 exeicent

3 693 5 704 <
38 675 241 721 malitiam,
263 682 300 711 et
331 686 412 710 non
444 672 739 723 compatiuntur
763 685 880 722 supet
909 671 1060 708 contri-

38 739 140 790 ti9ne
165 735 323 786 Joseph.
354 738 537 772 Potentes
571 741 662 770 sunt
693 741 735 770 ut
772 733 913 770 ficiant
946 733 1059 780 mala,

37 799 181 843 v{buum
210 805 339 835 autem
379 796 504 833 facere
538 800 784 845 nequeunt³.
820 794 1060 833 Coufidimus

6 853 7 857 Ἰ
39 868 161 903 antem
177 858 266 910 quia
284 871 363 895 non
380 856 543 908 repellet
558 856 747 893 Dominus
764 855 918 906 plebem
938 869 1060 902 suain,

40 928 79 964 οξ
101 920 363 960 haereditatem
394 932 502 956 suam
537 931 617 956 non
647 918 905 968 derelinquet.
938 921 1060 955 Porro
1093 914 1096 918 ’

8 995 9 1009 ³
40 982 195 1028 &xtera
217 981 374 1021 Domini
406 981 519 1018 faciet
550 981 757 1026 virtutem,
788 988 826 1017 et
859 979 1061 1017 brachium

7 1044 12 1047 ⁴
39 1044 147 1091 ssuum
184 1042 436 1083 auxiliabitur
470 1043 505 1080 ei
537 1058 545 1080 ε
580 1050 622 1079 ut
654 1056 724 1092 co‹
729 1050 892 1079 noscant
927 1055 1063 1079 omnes

39 1107 127 1169 φη
143 1106 291 1145 bonum
311 1114 368 1143 est
385 1118 542 1157 sperare
562 1105 600 1142 in
619 1105 814 1149 Domino,
834 1117 949 1154 quam
971 1117 1063 1154 spe-

10 1164 11 1169 *
139 1168 180 1206 in
201 1167 458 1220 principibus.
476 1171 579 1205 Bene
599 1167 690 1204 ficis
711 1166 881 1203 foimicae
904 1174 940 1203 te
961 1179 1063 1203 com-

0 1256 1 1263 ι
106 1243 187 1269 ans.
205 1229 307 1279 Quid
326 1229 431 1267 enirn
452 1227 558 1266 aliud
582 1242 698 1279 quam
724 1228 895 1265 formicae
917 1228 1064 1277 quique

116 1291 237 1342 igenae
254 1299 293 1328 et
313 1290 380 1327 filii
400 1289 602 1327 hominum
629 1302 782 1334 sumus,
808 1287 923 1325 rebus
941 1288 1061 1324 inuti-

102 1365 136 1391 ·s
168 1359 284 1402 atque
315 1349 496 1388 inanibus
527 1350 777 1388 insudantes?
810 1352 904 1398 Quae
935 1357 1063 1386 autem

14 1444 17 1474 ¹.
46 1402 103 1467 sss·
115 1413 272 1451 ndantia
287 1412 436 1450 homini
454 1411 502 1449 de
520 1411 705 1449 universo
725 1410 858 1449 labore
881 1424 971 1458 su0‚
985 1424 1064 1461 quo

55 1475 63 1481 ⁸
87 1492 90 1495 ·
108 1492 112 1496 ’
140 1473 291 1513 laborat
313 1472 385 1512 sub
412 1473 520 1511 sote?
541 1476 643 1524 Ergo
665 1472 921 1511 ascendimus
944 1486 1063 1524 super

107 1554 112 1569 z
143 1564 176 1583 ‚
205 1544 244 1574 et
273 1536 521 1574 conversatio
549 1544 683 1573 nostia
710 1536 748 1573 in
770 1535 877 1573 coelis
898 1535 945 1572 sit
955 1534 1065 1585 ,jam

0 1558 81 1729 ι

0 1679 3 1694 ι

0 1738 23 1798 ι

0 1797 21 1829 ι

42 1582 167 1649 mente
189 1595 472 1648 praecedentes,
493 1610 574 1648 quo
599 1609 734 1634 sumus
755 1604 793 1634 et
814 1610 982 1648 corpore
1002 1610 1065 1634 se-

44 1658 178 1714 quiri.
197 1657 281 1707 Ibi,
302 1659 354 1696 mi
374 1658 550 1706 Andrea,
573 1658 626 1696 ibi
648 1659 795 1696 fructus
816 1657 963 1696 laboris
982 1659 1061 1696 tui·
1053 1688 1063 1705 ‚

0 1688 308 1904 t{etributio
330 1729 407 1758 tua.
432 1719 510 1760 Sub
534 1721 615 1758 sole
640 1721 802 1768 militas,
824 1720 891 1758 sed
916 1720 1066 1758 sedenti

88 1838 100 1849 ⁷
132 1853 266 1884 temus.
282 1848 431 1884 Merces
449 1845 595 1882 militiae
614 1853 757 1882 nostrae
778 1858 857 1882 non
876 1844 923 1882 de
941 1853 1043 1882 terra
1056 1874 1065 1891 ‚

59 1906 86 1948 =‘‚
133 1905 188 1963 §le
207 1907 392 1945 deorsum
414 1915 473 1944 est
495 1920 503 1943 τ
524 1907 663 1958 procul
682 1915 719 1944 et
742 1905 790 1944 ab
812 1906 959 1944 ultimis
982 1906 1068 1943 liui-

123 1969 296 2025 .pretium
317 1967 414 2019 ejus.
439 1966 520 2006 Sub
540 1968 622 2006 sole
646 1968 812 2019 penuria
841 1977 899 2005 est
921 1983 928 2005 ε
949 1981 1069 2019 super

133 2048 149 2060 ἰ
187 2028 426 2068 abundantia
462 2037 530 2067 est.
569 2032 789 2067 Mensuram
828 2028 969 2066 bonam
986 2059 995 2076 ‚
1029 2037 1068 2066 et

128 2091 273 2140 itam,
301 2099 342 2129 et
364 2091 594 2141 coagitatam
611 2120 621 2138 ,
651 2099 689 2128 et
722 2090 1067 2142 supereffluentem

0 1893 2 1900 ι
0 1868 24 1900 'l

0 1922 25 1977 Γ,

21 2097 26 2119 l

0 2132 27 2215 [i
67 2149 70 2151 ’
213 2153 254 2191 in
273 2153 381 2191 sinus
400 2161 556 2191 nostros
570 2160 594 2190 ¹.

0 2201 30 2290 μ’.
67 2211 119 2266 3*ss-
141 2211 364 2254 'Desideras
387 2227 448 2252 me
467 2214 625 2262 videre3
646 2222 684 2251 et
705 2213 753 2251 de
778 2228 865 2252 meo
879 2244 888 2261 ,
912 2223 952 2252 ut
975 2215 1071 2252 scri-

0 2263 29 2341 iii
48 2271 89 2318 ’ᾗ
110 2294 130 2323 .
142 2273 304 2314 arbitrio
323 2274 504 2314 desiderii
527 2276 582 2313 tui
604 2275 749 2327 pendet
773 2277 950 2313 effectus.
975 2280 1069 2314 Nam

25 2345 30 2363 5
61 2357 62 2360 ,

141 2345 261 2376 ·tum
289 2351 407 2390 super
438 2337 512 2376 hoc
540 2352 668 2376 mcum
692 2347 727 2376 te
755 2338 901 2376 indicas
929 2352 1072 2389 exspe-

50 2399 159 2458 we.
178 2401 226 2438 Et
244 2399 338 2451 quid
365 2399 491 2438 dicam
514 2399 612 2438 tibi?
639 2404 684 2438 Et
709 2401 826 2452 cupio
855 2409 897 2437 ut
919 2401 1069 2447 venias,

60 2461 89 2512 ᾗ
123 2459 226 2499 ‘meo
267 2474 317 2500 ne
357 2462 503 2500 venias.
537 2465 596 2500 Ita
630 2462 732 2499 inter
759 2462 858 2499 velle
895 2470 932 2499 et
967 2462 1071 2499 nolle

146 2534 210 2570 us,
239 2531 420 2562 coarctor
448 2537 470 2562 e
502 2522 678 2570 duobus;
709 2532 747 2561 et
777 2523 871 2574 quid
907 2523 1067 2573 eligam,

147 2644 202 2694 ’0,
235 2653 274 2684 et
305 2659 394 2684 meo
432 2646 579 2698 pariter
611 2662 619 2684 :
655 2660 702 2684 an
741 2646 897 2684 credam
948 2645 1069 2695 magis

33 2755 37 2770 1
79 2719 185 2747 „t·1„.*·
205 2706 253 2745 de
273 2715 309 2745 te
330 2708 528 2760 opinioni,
545 2722 622 2759 qua
649 2717 761 2746 terrae
783 2708 835 2746 ita
862 2722 1070 2759 perneces-

34 2778 38 2838 Ἰ
151 2784 158 2800 ³
186 2767 430 2819 praedicari5‚
454 2777 497 2807 ut
517 2769 566 2807 de
591 2777 657 2807 tua
679 2768 852 2807 absentia
881 2782 957 2806 non
985 2782 1067 2806 me·

34 2843 39 2900 ι
154 2826 185 2867 is
201 2829 258 2867 illi
279 2829 497 2868 desolatio
488 2831 691 2868 imminere
714 2830 908 2868 credatur.
932 2834 977 2868 It
968 2844 1068 2881 ique

53 2887 155 2939 qnid
183 2890 364 2930 mandare
394 2905 472 2931 non
504 2892 652 2938 audeo,
680 2901 776 2943 opto
802 2901 931 2930 tamen
963 2900 1005 2929 ut
1033 2899 1068 2928 te

23 2904 196 3006 ifflm
220 2961 427 3004 antequam
454 2954 612 2992 moriar.
638 2957 694 2992 Tu
717 2955 854 2992 molius
876 2953 912 2991 id
934 2953 1064 2990 videte

29 3011 39 3038 ·’
54 3015 334 3063 θῦῦοςηοεοενε
354 3024 489 3067 potes,
510 3016 541 3054 si
561 3029 641 3067 quo
665 3016 783 3054 modo
801 3017 883 3054 sine
901 3015 1066 3062 damno,

4 3094 6 3099 ·
54 3068 192 3130 efflue
217 3075 397 3115 scandalo
426 3077 529 3116 illius
551 3078 678 3129 gentis
701 3078 833 3116 venire
859 3077 994 3129 possis.
1022 3080 1069 3115 Et

54 3130 272 3190 ffiposset
286 3138 393 3189 quod
412 3138 602 3178 adventus
620 3147 710 3177 tuus
732 3139 894 3177 omniuo
914 3151 990 3175 non
1013 3151 1070 3176 es-

16 3281 46 3310 ,ι
88 3270 263 3311 '⁸-Lue.v1‚
284 3276 342 3306 38.
362 3293 407 3298 -
426 3280 439 3297 ²
456 3279 540 3309 Gen.
562 3287 660 3308 xxxii
676 3301 683 3314 ‚
709 3281 761 3309 10.

119 2601 125 2615 2
162 2601 190 2622 ·.
209 2587 364 2632 Unum,
386 2598 436 2623 ne
456 2585 637 2623 videlicet
659 2594 726 2623 tuo
747 2585 975 2622 satisfaciam
993 2584 1063 2622 de-
1084 2586 1116 2621 D
1195 2582 1226 2618 1.

1127 306 1308 344 Ecclesiae
1339 306 1431 350 Dei,
1463 306 1649 356 quoniam
1678 307 1860 344 omnibus
1895 318 2011 346 notus
2043 324 2083 347 es
2123 319 2161 348 et

1128 366 1303 404 dilectus.
1329 371 1462 405 Potest
1479 368 1603 405 facere
1619 372 1724 406 Deus
1744 377 1787 406 ut
1805 377 1843 406 et
1862 378 1902 406 tu
1923 384 2008 407 cun]
2028 381 2161 410 sancto

1128 429 1349 480 patriarcha
1363 428 1484 467 Jacob
1502 430 1672 480 loquaris
1692 444 1699 466 :
1718 432 1764 466 In
1781 429 1915 466 haculo
1935 445 2017 467 meo
2035 442 2163 470 trans-

1129 495 1177 526 ici
1197 490 1409 525 Iordanem
1435 494 1567 534 istum,
1600 499 1636 525 et
1667 504 1752 526 ecce
1777 504 1858 526 cum
1882 490 2000 527 tribus
2029 497 2163 529 tarmis·

1128 554 1358 601 regredior&
1391 555 1522 589 L'num
1569 550 1656 587 dico
1694 566 1701 588 :
1742 552 1771 588 si
1803 560 1989 589 veuturus
2017 566 2077 599 es,
2113 567 2163 591 ne

1128 612 1363 660 taidaxeris‚
1385 626 1434 649 ne
1463 613 1562 649 forte
1583 612 1740 658 venias,
1772 621 1811 649 et
1845 626 1926 650 non
1956 627 2018 651 me
2047 615 2161 652 inve-

1129 674 1222 711 nias.
1246 677 1327 724 Ego
1351 675 1453 711 enim
1472 673 1553 724 jam
1576 673 1750 721 delibor,
1772 688 1844 712 nec
1863 683 1961 725 puto
1989 688 2050 713 me
2072 677 2163 713 lon-

1127 748 1219 786 gum
1252 736 1376 773 facere
1410 750 1527 787 super
1561 744 1716 773 terram.
1754 737 1849 785 Quis
1883 737 1976 774 mihi
2016 737 2162 775 tribuat

1128 807 1217 844 tua,
1252 798 1292 834 in
1332 797 1534 834 voluntate
1566 797 1748 844 Domini,
1785 797 1941 834 amabili
1979 807 2018 835 et
2055 799 2159 836 dulci

1128 859 1335 910 praesentia
1356 859 1417 896 vel
1438 859 1640 909 paululum
1671 859 1909 909 refrigerari,
1934 860 2162 910 priusquam

1129 920 1292 958 abeam?
1316 920 1475 971 Regina:
1497 920 1632 970 scripsi
1644 918 1674 966 ¹²,
1697 919 1794 957 sicut
1812 921 1990 967 voluisti,
2015 929 2052 958 et
2068 935 2164 971 gau—

1086 973 1112 1007 13
1131 983 1205 1021 deo
1227 983 1274 1020 de
1295 982 1402 1021 bono
1429 983 1651 1020 testimonio
1674 983 1781 1033 quod
1802 983 1837 1019 ei
1858 982 2052 1034 perhibes.
2079 987 2164 1021 Ma—

1130 1046 1292 1096 gistrum
1324 1054 1362 1083 et
1392 1046 1529 1082 fratres
1559 1053 1710 1082 vestros
1737 1058 1873 1081 omnes
1901 1044 1948 1081 de
1974 1046 2161 1096 Templo,

1129 1121 1200 1145 nec
1221 1121 1300 1144 non
1321 1116 1359 1144 et
1379 1120 1444 1144 eos
1466 1105 1513 1143 de
1541 1106 1733 1158 Hospitali
1747 1135 1756 1153 ‚
1781 1119 1853 1157 per
1873 1114 1909 1143 te
1930 1106 1969 1143 in
1991 1107 2163 1144 Domino

1132 1169 1356 1206 salutamus.
1389 1168 1566 1206 Inclusos
1586 1180 1745 1217 quoque
1765 1176 1803 1204 et
1823 1176 1976 1205 sanctos
2006 1182 2165 1216 omnes,

1132 1230 1179 1268 ad
1197 1243 1296 1280 quos
1318 1239 1544 1281 opportune
1564 1230 1672 1279 loqui
1690 1229 1836 1279 poteris
1850 1259 1859 1275 ‚
1876 1243 1946 1280 per
1966 1238 2001 1267 te
2023 1230 2062 1267 in
2083 1234 2164 1268 Do-

1133 1291 1240 1328 mino
1267 1291 1498 1335 salutantes,
1529 1303 1664 1327 eorum
1691 1302 1763 1327 nos
1789 1289 2033 1327 orationibus
2055 1305 2165 1328 com-

1133 1351 1374 1389 mendamus.
1417 1355 1508 1389 Esto
1546 1365 1618 1402 pro
1650 1364 1710 1388 me
1749 1350 1796 1388 ad
1833 1365 1912 1389 eos.
1953 1352 2163 1391 Girardum

1133 1421 1311 1451 nostrum
1326 1414 1358 1458 ”,
1376 1413 1443 1464 qui
1466 1413 1506 1450 in
1530 1412 1649 1450 domo
1679 1421 1811 1450 nostra
1833 1413 2043 1464 aliquando
2070 1428 2166 1451 con-

1133 1483 1308 1512 versatus
1328 1483 1409 1520 est,
1434 1484 1472 1512 et
1494 1488 1621 1521 nune,
1637 1483 1679 1512 ut
1697 1474 1936 1522 audivimus,
1957 1476 2166 1527 episcopus

1135 1537 1258 1574 sactus
1277 1545 1357 1584 est,
1379 1545 1416 1574 et
1438 1537 1565 1588 ipsum
1589 1537 1730 1574 affectu
1753 1550 1894 1587 magno
1915 1536 2166 1575 devotissime

1135 1598 1360 1636 salutamus.

1150 1738 1191 1747 s·—
1197 1736 1783 1747 smus·==v=us=====szs=====s=n=v=snn==n
1790 1737 1932 1746 §s-‡=§=§§=
1938 1737 1992 1747 νινι
1998 1738 2109 1747 ιιςκιιι-
2115 1738 2169 1748 ιις,

136 1796 156 1822 r
174 1783 307 1822 solem.
330 1783 404 1821 Hic
424 1783 633 1821 militantes
648 1813 657 1830 ,
679 1782 768 1820 inde
790 1782 974 1820 donativa
995 1796 1065 1820 ex—
1085 1781 1112 1817 C

1195 1859 1578 1918 EPISTOLA
1627 1858 2098 1918 CCLXXXIXJ'

1342 2023 1390 2045 An
1423 2022 1595 2045 REGtht
1620 2021 1968 2045 JEROSOLYMoRtM.

1139 2145 1267 2176 Instruit
1290 2154 1360 2175 eam
1373 2169 1380 2181 ‚
1401 2142 1564 2185 quomodo
1582 2153 1614 2173 se
1632 2148 1717 2183 gerat
1733 2167 1740 2177 ,
1762 2149 1793 2173 ut
1814 2141 1922 2185 proba·
1941 2142 2043 2174 vidua·
2061 2154 2169 2175 coram

1210 2203 1299 2237 Deo,
1316 2205 1347 2231 et
1361 2198 1476 2241 regina‘
1498 2208 1604 2228 coram
1626 2197 1809 2229 homiuibus
1828 2204 1932 2241 partes
1953 2198 2095 2241 impleat.

1140 2325 1298 2364 Dilectae
1329 2323 1365 2359 in
1395 2322 1547 2360 Christo
1579 2322 1664 2358 {ilice
1693 2322 1762 2359 Μ’.
1800 2322 1940 2371 reginae
1969 2324 2173 2374 Jerosoly-

1198 2398 1370 2428 morum,
1391 2386 1620 2420 Bar-munus
1641 2383 1902 2420 Clarae-Vallis
1922 2393 2082 2421 vocatus
2100 2384 2172 2422 ab·

1195 2445 1281 2492 bas,
1305 2443 1607 2481 misericordiam
1626 2458 1647 2481 a
1668 2446 1749 2480 Deo
1768 2444 1924 2481 salutari
1948 2458 2032 2482 suo.

1260 2579 1381 2616 Miror
1413 2577 1519 2628 quod
1551 2592 1571 2615 a
1604 2578 1727 2615 multo
1755 2576 1836 2627 jam
1876 2586 2052 2629 tempore
2090 2592 2168 2617 uon

1136 2641 1307 2679 vidimus
1339 2641 1484 2678 litteras
1522 2649 1622 2686 tuas,
1646 2654 1725 2676 non
1762 2640 1892 2677 solitas
1921 2640 2172 2679 salutationes

1138 2703 1342 2741 babuimus
1362 2718 1369 2739 :
1390 2702 1498 2753 quasi
1522 2716 1591 2738 nos
1613 2700 1722 2738 obliti
1746 2701 1865 2738 simus
1895 2702 2064 2752 antiqua¹
2097 2712 2170 2741 tuae

1137 2778 1227 2815 erga
1238 2778 1308 2802 nos
1322 2763 1682 2813 ‹lex·oti‹›uis‚quam
1702 2763 1739 2799 iu
1758 2763 1887 2799 multis
1903 2762 2168 2813 probavimus.

1135 2826 1381 2872 Audivimus,
1397 2826 1533 2870 fateor,
1555 2825 1785 2874 nescioquas
1803 2824 1978 2862 sinistra:
1999 2839 2085 2876 quae
2099 2827 2171 2865 etsi

1138 2903 1215 2927 non
1235 2903 1306 2940 pro
1325 2897 1432 2926 certo
1447 2886 1706 2932 credidimus,
1727 2885 1924 2923 doluimus
1944 2895 2071 2924 tamen
2091 2888 2172 2926 sive

1136 2952 1298 2989 veritate
1314 2980 1323 2997 ,
1345 2950 1425 2987 sive
1444 2948 1648 2985 mendacio
1669 2957 1773 2985 tuam
1792 2948 2036 2999 aliquatenus
2059 2949 2174 2987 deco-

1138 3013 1257 3051 lorari
1276 3012 1517 3064 opinionem.
1537 3014 1635 3049 Sane
1653 3011 1862 3048 intervenit
1886 3011 2060 3048 Andreas
2083 3011 2173 3049 cba-

1138 3075 1313 3113 rissimus
1334 3073 1551 3111 avunculus
1581 3086 1711 3120 meus,
1734 3073 1795 3110 cui
1826 3073 1863 3109 in
1899 3073 2007 3110 nullo
2035 3072 2173 3110 decre-

1138 3137 1230 3175 dere
1252 3148 1482 3187 possumus,
1520 3135 1666 3186 scripto
1701 3147 1771 3172 suo
1806 3132 1920 3171 nobis
1955 3134 2172 3184 significans

17 3324 47 3393 ‘i'
96 3327 210 3363 ‘Alias
224 3355 233 3371 υ
249 3333 404 3367 nescium.
421 3355 466 3359 —
483 3337 500 3359 δ
519 3336 602 3369 vide
615 3337 781 3380 epistol-'uu
803 3343 1000 3379 sequentuin.
1019 3355 1060 3359 W
1083 3342 1097 3357 Γ
1117 3336 1238 3378 Scripta
1259 3346 1343 3366 auno
1361 3334 1477 3367 Christi
1497 3338 1506 3365 1
1522 3338 1597 3365 1:15⁵.

45 3427 49 3502 l
