2565 3952
66 209 139 247 389
976 194 1241 230 EPISTOLAE.
2080 193 2156 228 390

1085 268 1132 287 ⁴⁰⁰
1143 268 1274 305 docuit
1295 268 1510 305 decantare.
1538 271 1618 317 Ego
1634 282 1726 305 vero
1748 268 1853 318 quod
1867 267 1913 304 ab
1933 269 1994 304 illa
2011 269 2154 317 accepi,

63 359 1073 380 .....................................................................
1095 331 1124 364 Λ
1144 343 1301 367 securus
1318 338 1355 366 et
1373 337 1486 366 teneo
1503 358 1511 374 ‚
1533 337 1570 365 et
1594 328 1704 365 trado
1723 344 1729 365 :
1749 329 1853 379 quod
1876 341 1974 374 non,
1993 340 2157 376 scrupu-

1143 390 1279 437 losius,
1300 390 1441 436 fateor,
1461 389 1693 426 admiserim.

925 478 939 494 a
1198 452 1234 487 3.
1266 451 1407 501 Accepi
1435 463 1525 487 sane
1556 449 1604 486 ab
1623 449 1792 487 Ecclesia
1814 449 1919 485 illum
1940 447 2039 483 diem
2070 459 2155 482 cum

174 484 548 545 EPISTOLA
595 483 917 541 CLXXIV·
1144 525 1293 549 summa
1310 512 1559 548 veneratione
1578 509 1827 548 recolendum
1843 539 1852 555 ,
1873 522 1951 559 quo
1969 515 2164 557 assumpta

1144 571 1191 608 de
1213 572 1352 609 saeculo
1379 585 1568 622 nequam,
1597 571 1703 607 coelis
1735 582 1890 620 quoque
1911 567 2042 604 intulit
2065 567 2165 602 ccle-

63 659 109 682 ΑΒ
147 653 352 679 cmoxmos
391 651 678 685 annmrxses,
726 652 774 674 m:
814 651 1078 675 coxcepnoxn
1144 632 1405 671 berrimorum
1445 633 1538 670 festa
1571 631 1811 682 gaudiorum.
1846 629 1919 668 Sed
1958 637 1994 665 et
2034 636 2163 664 ortum

461 713 489 736 s.
513 714 646 737 mare.
1144 695 1312 745 Virginis
1348 694 1462 731 didici
1496 693 1745 730 nihilominus
1767 692 1805 728 in
1840 690 2032 735 Ecclesia,
2060 696 2097 725 et
2118 687 2164 724 ab

1147 756 1317 794 Ecclesia
1359 754 1626 792 indubitanter
1657 752 1799 790 habere
1838 751 2016 788 festivum
2052 757 2167 799 atque

64 830 280 874 Conceptionis
296 829 411 861 festum
427 839 546 860 novum
565 838 652 867 esse;
677 828 765 858 nullo
783 827 839 858 niti
856 826 994 868 legitimo
1013 826 1080 858 sun-
1146 825 1343 864 sanctum3
1366 816 1581 854 firmissime
1604 828 1692 852 cum
1713 812 1882 851 Ecclesia
1907 810 2093 855 sennem,
2125 809 2163 845 in

109 886 254 918 damento
273 895 280 916 :
298 890 446 916 caeterum
462 894 527 914 non
543 882 638 913 fuisse
655 881 885 913 instituendum
902 882 1080 913 inconsulta
1146 888 1258 916 utero
1282 892 1364 916 eam
1396 878 1588 928 accepisse
1616 885 1659 913 ut
1678 883 1808 913 sancta
1828 873 2016 925 prodiret.
2047 874 2095 908 Et
2119 870 2166 907 de

109 941 188 974 sede
203 940 393 983 apostolica,
416 937 667 970 cuisententiam
680 948 770 969 suam
783 936 920 979 subjicit.
1145 940 1313 978 Jeremia
1342 939 1530 990 siquidem
1562 938 1668 987 lego,
1705 935 1833 987 quod,
1864 935 2087 986 priusquam
2120 931 2167 969 de

116 1055 120 1059 .
1149 1000 1311 1039 ventreb
1349 1002 1471 1038 exiret
1485 1001 1516 1046 *,
1550 999 1806 1037 sanctificatus
1833 997 1880 1033 sit
1916 1011 1922 1032 :
1960 1004 1997 1032 ct
2025 994 2072 1031 de
2100 997 2169 1031 Jo-

119 1065 150 1102 l.
188 1065 294 1100 Inter
328 1061 514 1099 Ecclesias
547 1061 680 1099 Galliae
718 1068 868 1097 constat
905 1061 1080 1111 profecto
1100 1065 1128 1100 B
1150 1076 1248 1100 anne
1270 1063 1439 1114 Baptista
1472 1075 1549 1099 non
1572 1073 1680 1098 secus
1711 1059 1858 1103 sentio,
1881 1057 1947 1108 qui
1979 1070 2026 1093 ex
2056 1063 2167 1092 utero

64 1123 356 1175 Lugdunensem
373 1123 556 1160 hactenus
574 1122 882 1173 praeeminuisse,
908 1123 1005 1159 sicut
1024 1122 1083 1158 di-
1147 1125 1358 1162 Dominum
1393 1125 1431 1161 in
1460 1133 1572 1161 utero
1604 1122 1721 1160 sensit
1737 1129 1760 1158 ¹.
1791 1119 1940 1158 Videris
1967 1118 2080 1155 etiam
2104 1125 2163 1157 tu,

62 1185 203 1236 gnitate
223 1184 336 1231 sedis,
355 1184 408 1221 sic
425 1183 595 1220 honestis
613 1183 761 1229 studiis,
776 1192 813 1220 et
827 1182 1082 1220 laudabilibus
1149 1200 1194 1222 an
1219 1186 1265 1223 de
1286 1194 1419 1223 sancto
1436 1184 1561 1223 David
1585 1184 1753 1234 idipsum
1770 1182 1882 1218 liceat
1903 1178 2076 1230 opinari,
2095 1190 2167 1228 pro

62 1244 254 1283 institutis.
289 1243 364 1283 Ubi
400 1245 541 1281 etenim
578 1257 686 1294 aeque
715 1244 837 1293 viguit
869 1244 1081 1294 disciplinae
1150 1260 1195 1284 eo
1225 1247 1330 1297 quod
1361 1245 1513 1283 dicebat
1531 1250 1612 1283 Deo
1639 1258 1646 1279 :
1672 1248 1715 1280 In
1738 1253 1796 1287 te,
1833 1242 1904 1287 ait,
1928 1240 2167 1286 consti-nultus

63 1319 243 1353 censura,
271 1318 423 1342 morum
454 1305 619 1355 gravitas
635 1333 645 1351 ‚
669 1305 869 1342 maturitas
895 1304 1080 1341 consilio·
1148 1322 1229 1344 sum
1252 1321 1302 1343 ex
1320 1316 1448 1351 uter0;
1470 1308 1514 1342 de
1540 1315 1672 1342 ventre
1695 1308 1826 1340 limeris
1848 1315 1945 1337 meoe
1967 1310 2004 1336 ῐιι
2026 1314 2063 1335 es
2077 1314 2169 1348 pm-

65 1381 146 1406 rum
159 1396 170 1414 ,
190 1366 430 1403 auctoritatis
452 1365 624 1415 pondus,
649 1365 886 1415 antiquitatis
908 1365 1081 1414 insigne?
1150 1378 1265 1404 tector
1281 1381 1384 1403 meus
1401 1374 1414 1388 2
1433 1382 1440 1403 :
1461 1367 1568 1412 item,
1589 1369 1645 1402 De
1662 1374 1793 1401 ventre
1810 1364 1940 1399 matris
1957 1376 2054 1397 mea?
2071 1364 2171 1396 Deus

65 1428 275 1468 Praesertim
308 1427 346 1463 in
381 1427 519 1463 officiis
551 1427 815 1464 ecclesiasticis
838 1425 941 1463 haud
972 1425 1080 1462 facile
1149 1442 1252 1465 meus
1279 1442 1317 1464 es
1342 1437 1404 1474 tu,
1427 1441 1473 1463 ne
1502 1427 1713 1462 discesseris
1737 1439 1760 1460 (ι
1786 1438 1844 1459 me
1861 1421 1887 1459 3.
1918 1425 1964 1459 Et
1995 1421 2171 1459 Jeremiae

65 1503 232 1542 unquam
248 1488 461 1540 repentinis
487 1488 570 1526 visa
591 1497 650 1526 est
666 1487 903 1526 novitatibus
923 1487 1081 1537 acquie-
1148 1489 1305 1540 quidem
1324 1488 1376 1526 sic
1395 1488 1541 1525 dictum
1561 1495 1641 1524 est:
1658 1487 1892 1534 Priusquam
1913 1481 2170 1531 tesbi-marem

67 1564 168 1590 scere
181 1580 191 1598 ,
211 1563 282 1587 nec
296 1563 335 1587 se
353 1548 561 1600 aliquando
577 1547 741 1599 juvenili
756 1563 867 1600 passa
887 1557 944 1586 est
961 1548 1080 1585 deco—
1150 1555 1188 1587 {12
1210 1559 1314 1587 utero
1324 1579 1335 1597 ,
1358 1554 1441 1586 novi
1467 1558 1501 1586 te
1513 1563 1528 1594 ,-
1554 1557 1589 1584 et
1606 1557 1807 1596 antequam
1829 1549 1953 1582 exires
1974 1546 2021 1580 (le
2036 1546 2146 1580 vulva
2157 1572 2169 1589 ,

66 1611 179 1650 lorari
204 1611 356 1648 levitate
383 1611 553 1649 Ecclesia
575 1611 690 1662 plena
706 1609 855 1660 judicii.
877 1610 992 1649 Unde
1009 1610 1082 1647 mi·
1148 1610 1384 1658 sanctificavi
1405 1610 1479 1647 ῑε4.
1500 1613 1624 1658 Quam
1656 1607 1818 1659 pulchre
1850 1606 1951 1643 inter
1969 1605 2169 1655 figuratio-

67 1686 193 1712 ramur
224 1672 333 1719 satis,
375 1672 469 1723 quid
498 1672 621 1710 visum
652 1672 766 1710 fuerit
800 1673 874 1709 hoc
905 1681 1081 1723 tempore
1149 1685 1239 1709 nem
1271 1671 1311 1708 in
1342 1679 1477 1718 utero,
1511 1679 1549 1707 et
1577 1669 1875 1720 parturitionem
1903 1680 1951 1703 ex
1980 1673 2092 1702 utero
2113 1665 2172 1701 di—

65 1732 286 1784 quibusdam
318 1741 490 1769 vestrum
529 1732 697 1770 voluisse
734 1741 884 1769 mutare
910 1733 1080 1769 colorem
1147 1733 1282 1770 vinum
1327 1732 1502 1770 distinxit
1536 1731 1758 1768 oraculum!
1797 1737 1839 1765 ut
1880 1728 1983 1764 illam
2020 1734 2168 1763 tantum

66 1793 265 1845 optimum,
279 1807 420 1831 novam
434 1793 657 1831 inducendo
670 1793 947 1839 celebritatem,
965 1806 1080 1843 quam
1148 1794 1422 1845 praecognitam
1439 1823 1448 1839 ,
1475 1793 1586 1830 istam
1608 1801 1646 1830 et
1664 1790 1872 1829 sanctitatis
1896 1801 2055 1826 munere
2076 1800 2172 1838 prae-

66 1855 158 1892 ritiis
188 1854 366 1892 Ecclesiae
397 1855 535 1902 nescit,
571 1868 650 1891 non
681 1854 823 1906 probat
852 1855 969 1901 ratio,
999 1867 1078 1891 non
1104 1857 1130 1891 C
1149 1864 1324 1893 ornatam
1358 1853 1607 1891 ostenderet:
1629 1866 1678 1890 ne
1702 1852 1787 1902 quis
1804 1850 2007 1900 Prophetae
2026 1861 2175 1898 praero-

67 1915 304 1953 commendat
323 1915 481 1966 antiqua
502 1915 670 1953 traditio.
688 1916 882 1966 Numquid
903 1915 1081 1953 Patribus
1148 1917 1313 1967 gativam
1332 1915 1378 1953 de
1391 1915 1470 1952 sola
1493 1913 1732 1965 praescientia
1750 1925 1818 1949 seu
1838 1909 2174 1961 praedestinatione

68 1976 280 2024 doctiores,
316 1985 383 2014 aut
418 1977 639 2015 devotiores
671 1979 835 2016 sumus?
861 1978 1081 2016 Periculose
1149 1978 1344 2029 putaverit
1369 1975 1644 2013 aestimandam.

69 2038 349 2089 praesumimus,
368 2039 558 2090 quidquid
574 2040 748 2090 ipsorum
770 2040 808 2077 in
833 2038 972 2077 talibus
989 2053 1083 2090 pru-
1204 2043 1240 2078 4.
1272 2044 1365 2078 Esto
1396 2048 1523 2077 tamen
1549 2048 1592 2076 ut
1611 2039 1685 2076 hoe
1718 2038 1765 2075 de
1796 2036 1962 2075 Jeremia
1984 2033 2175 2072 conceda-

70 2098 194 2136 dentia
213 2100 437 2150 praeterivit.
470 2104 548 2138 Nec
575 2114 670 2138 vero
702 2101 741 2138 id
771 2101 845 2137 tale
881 2108 956 2146 est,
978 2099 1084 2150 quod
1155 2116 1254 2140 mus.
1276 2101 1378 2151 Quid
1401 2099 1702 2152 respondebitur
1733 2098 1779 2136 de
1813 2102 1962 2136 Joanne
1983 2095 2173 2145 Baptista,

71 2160 140 2198 nisi
172 2161 484 2212 praetereundum
530 2161 671 2208 fuerit,
719 2166 878 2199 Patrum
917 2160 1086 2210 quiverit
1152 2177 1267 2214 quem
1297 2162 1455 2212 angelus
1478 2159 1757 2212 praenuntiavit
1778 2157 1922 2209 Spiritu
1944 2164 2076 2193 sancto
2111 2168 2176 2191 re-

71 2221 223 2259 omnino
249 2222 486 2272 diligentiam
508 2222 749 2273 praeteriisse.
1152 2224 1299 2274 pletum
1318 2223 1364 2260 iri
1385 2222 1510 2259 adhuc
1534 2221 1573 2258 in
1595 2229 1708 2258 utero
1736 2219 1868 2256 matris
1893 2218 1992 2255 suae?
2014 2221 2174 2254 Prorsus

122 2282 157 2320 2.
186 2287 235 2321 At
267 2282 378 2320 valde
411 2283 640 2321 honoranda
672 2292 749 2330 est,
785 2284 937 2333 inquis,
960 2285 1084 2320 Mater
1151 2284 1224 2320 hoc
1240 2282 1287 2320 ad
1304 2281 1685 2333 praedestinationem
1707 2278 2037 2330 praescientiamve
2058 2276 2174 2313 refer-

70 2344 233 2382 Domini.
251 2348 353 2382 Bene
373 2344 558 2382 admones
581 2360 589 2382 :
611 2344 678 2382 sed
698 2345 826 2382 honor
845 2344 1002 2394 Reginae
1017 2341 1084 2391 ju-
1153 2344 1184 2381 ri
1202 2356 1314 2394 posse
1335 2356 1414 2379 non
1432 2339 1751 2379 arbitrorXffl-ba
1769 2352 1908 2389 nempe
1932 2336 2078 2387 angeli,
2100 2337 2175 2374 sic—

72 2401 207 2440 dicium
237 2403 370 2454 diligit.
402 2404 519 2454 Virgo
550 2404 652 2455 regia
679 2404 774 2442 falso
797 2417 876 2441 non
905 2411 991 2453 eget
1010 2402 1085 2439 ho-
1153 2414 1195 2443 ut
1222 2406 1303 2456 ipse
1324 2404 1525 2456 praedixit,
1550 2403 1743 2453 completa
1760 2401 1903 2451 absque
1936 2399 2054 2437 dubio
2085 2407 2175 2436 sunt

72 2474 184 2510 ¹¹⁰¹'e2
209 2464 306 2501 veris
341 2465 536 2502 cumulata
568 2465 763 2502 hOUOPUm
790 2465 930 2510 titulis,
954 2462 1087 2500 issfuliS
1154 2468 1194 2505 in
1218 2476 1392 2517 tempore
1412 2479 1480 2503 suo
1505 2480 1512 2501 :
1535 2472 1573 2501 et
1589 2477 1703 2514 quem
1729 2462 1963 2513 praelocutus
1981 2469 2036 2497 est
2053 2460 2175 2510 Spiri-

74 2522 307 2574 dignitatum.
341 2529 505 2563 Honora
531 2539 622 2564 sane
652 2526 910 2577 integritatem
938 2524 1086 2570 carni5‚
1159 2537 1199 2565 tu
1222 2535 1355 2565 sancto
1374 2525 1601 2576 replendum
1617 2554 1626 2571 ,
1651 2536 1730 2560 non
1749 2531 1806 2560 est
1834 2522 1887 2559 fas
1913 2520 2070 2558 credere
2096 2534 2175 2557 non

73 2584 156 2647 vitae
177 2587 416 2625 sanctitatem
443 2603 453 2626 τ
484 2587 624 2625 mirare
646 2587 922 2625 secunditatem
946 2587 985 2623 in
1006 2586 1087 2623 Vir·
1107 2591 1139 2626 D
1158 2589 1373 2640 repletum,
1395 2586 1510 2636 idque
1534 2586 1621 2622 loco
1640 2593 1677 2621 et
1698 2593 1873 2634 tempore
1890 2595 1967 2632 quo
1983 2581 2173 2631 praedixit.

73 2645 175 2696 gine,
205 2648 357 2686 ΡῙὈῙΘΠ]
389 2663 576 2686 venerare
609 2649 794 2687 divinam·
834 2648 986 2686 Extolle
1016 2659 1088 2684 Ile-
1157 2649 1374 2688 Certissime
1401 2657 1528 2685 autem
1559 2654 1708 2684 sanctus
1730 2645 1893 2695 Spiritus
1912 2655 2026 2692 quem
2054 2642 2177 2691 reple-

74 2707 249 2747 scientem
299 2711 360 2748 vel
412 2711 452 2748 in
503 2710 762 2762 concipiendo
809 2709 1090 2760 concupiscen-
1157 2712 1233 2758 vit,
1258 2709 1519 2748 sanctificavit.
1549 2710 1737 2746 Caeterum
1776 2714 1965 2755 quatenus
1994 2702 2178 2740 adversus

76 2767 162 2806 tiam
185 2798 196 2817 2
246 2771 308 2809 vel
349 2772 390 2809 in
440 2772 631 2824 pariendo
681 2772 872 2809 dolorem.
919 2770 1092 2809 Praedica
1159 2771 1345 2822 originale
1372 2778 1570 2821 peccatum
1607 2768 1686 2805 haec
1721 2767 1804 2818 ipsa
1829 2763 2080 2802 sanctificatio
2106 2776 2178 2800 va-

76 2832 319 2870 reverendam
360 2834 539 2884 Angelis,
587 2833 846 2871 desideratam
883 2832 1087 2883 gentibus,
1159 2833 1295 2879 luerit,
1324 2832 1403 2868 sive
1436 2843 1509 2881 pro
1539 2829 1636 2875 isto,
1670 2827 1749 2864 sive
1781 2840 1852 2877 pro
1874 2826 1939 2862 illo
1964 2823 2175 2875 propheta,

60 2890 309 2940 Patrius-chis,
324 2895 606 2945 Prophetisque
623 2895 912 2945 praecognitam,
930 2894 1091 2931 electam
1158 2894 1219 2931 vel
1241 2893 1270 2930 si
1289 2892 1373 2943 quis
1399 2891 1494 2928 alius
1517 2889 1630 2927 simili
1653 2896 1873 2940 praeventus
1891 2886 2010 2935 gratia
2038 2884 2176 2928 fuerit,

78 2961 125 2986 ex
140 2953 550 3006 omnibus,praelatam
573 2954 766 2992 omnibus.
789 2955 992 3005 Magnifica
1009 2967 1091 3004 gra-
1160 2969 1238 2992 non
1265 2963 1408 2991 temere
1442 2951 1619 2989 dixerim.
1658 2949 1922 2988 Sanctificatos
1954 2955 2079 2983 tamen
2100 2958 2179 2981 non

80 3009 138 3048 tiae
154 3011 428 3064 inventricem,
458 3017 723 3054 mediatricem
756 3017 911 3063 salutis,
944 3024 1092 3053 restau-
1160 3014 1418 3054 dubitaverim
1455 3013 1582 3049 dicere
1602 3042 1611 3058 ,
1650 3024 1747 3061 quos
1778 3013 1881 3047 Deus
1912 3006 2179 3052 sanctificavit,

81 3072 250 3112 ratricem
279 3079 504 3116 saeculorum
526 3094 534 3117 ε
556 3080 681 3117 exalta
701 3079 868 3129 denique
887 3078 1092 3115 exaltatam
1159 3085 1294 3115 etcum
1317 3075 1451 3112 eadem
1465 3073 1767 3111 sanctificatione
1789 3070 1964 3120 prodisse
1985 3082 2030 3104 ex
2053 3077 2176 3113 utero,

81 3144 192 3184 super
224 3136 362 3176 choros
397 3139 634 3191 Angelorum
670 3140 718 3178 ad
756 3140 926 3178 coelestia
961 3152 1092 3189 regna.
1161 3152 1277 3189 quam
1299 3144 1533 3187 acceperunt
1558 3135 1597 3171 in
1619 3142 1730 3171 utero
1755 3148 1762 3169 :
1786 3145 1856 3169 nec
1878 3138 2042 3174 reatum,
2065 3141 2178 3178 quem

83 3194 170 3232 Haec
187 3197 279 3234 mihi
305 3198 352 3236 de
374 3200 439 3238 illa
461 3210 590 3239 cantat
608 3202 799 3249 Ecclesia,
821 3210 859 3239 et
879 3214 940 3239 me
961 3199 1095 3237 eadem
1161 3200 1201 3236 in
1232 3196 1489 3247 conceptione
1523 3201 1724 3232 traxerunt
1743 3222 1752 3240 ,
1789 3190 1953 3229 valuisse
1991 3188 2177 3226 ullatenus

131 3326 232 3356 ¹Luc.
254 3338 277 3365 1,
298 3330 354 3359 41.
374 3349 412 3352 —
438 3336 451 3351 ²
469 3332 551 3363 Psal.
569 3343 653 3369 Lxx,
670 3336 702 3363 0.
723 3351 769 3354 —
787 3329 801 3352 3
819 3331 977 3363 Psal.xx1
994 3354 1001 3368 ‚
1024 3333 1076 3360 11.
1097 3348 1142 3351 —
1159 3328 1172 3355 4
1189 3331 1359 3364 Jerem.1,
1382 3330 1414 3357 ζ).

128 3382 142 3398 ³
161 3384 278 3428 Scripta
294 3387 374 3419 circa
389 3399 506 3422 annum
520 3391 635 3424 Christi
657 3396 667 3424 l
683 3394 758 3424 140.
775 3411 821 3415 -—
836 3384 852 3407 1>
865 3390 971 3430 Alias,
987 3388 1026 3420 de
1041 3387 1146 3420 valva.
