2517 3936
811 813 962 902 AD
975 815 1476 906 MONITIO

728 1037 777 1071 ix
808 1037 1120 1083 stsssssssocms
1148 1037 1450 1073 OPESCtTLL‘M
1479 1022 1577 1072 Χιῇ

862 1231 1367 1251 »κΫῗ-ἐ-’ὃεὶ«οὒό’-----ῌ
1390 1240 1395 1241 ⁷

143 1417 179 1452 1.
204 1411 423 1465 Epistolam
445 1422 697 1465 sequentem,
719 1427 806 1465 quae
833 1414 935 1453 inter
954 1411 1216 1452 Bernardinas
1237 1411 1373 1452 ordine
1400 1413 1609 1452 centesima
1631 1416 1882 1468 nonagesima
1902 1426 1971 1465 est,
1995 1417 2174 1458 Horstius

88 1481 129 1518 in
146 1479 308 1518 classem
323 1487 567 1518 tractatuum
581 1478 633 1518 ob
651 1479 822 1531 epistolae
841 1479 1108 1531 prolixitatem
1130 1493 1174 1517 ac
1192 1479 1365 1518 materiae
1381 1478 1615 1533 dignitatem
1635 1481 1779 1531 rejecit.
1799 1481 1952 1534 Scripta
1966 1484 2043 1523 fuit
2062 1499 2172 1524 occa-

86 1546 194 1584 sione
209 1544 492 1583 damnatorum
516 1544 725 1583 Abaelardi
743 1560 925 1584 erroriun
943 1547 984 1584 in
1010 1544 1158 1598 synodo
1180 1544 1415 1592 Senonensi,
1437 1559 1561 1597 quam
1586 1560 1690 1584 anno
1713 1547 1812 1585 1140
1831 1547 2023 1599 frequenti
2045 1550 2173 1588 Galli-

86 1625 278 1650 canorum
304 1612 581 1663 episcoporum
601 1625 796 1659 consessu,
814 1621 1004 1663 praesente
1029 1626 1117 1664 rege
1133 1610 1334 1649 Ludovico
1358 1611 1520 1650 Jum'ore
1533 1641 1542 1659 ,
1562 1611 1797 1651 celebratam
1820 1613 1989 1652 diximus
2015 1616 2053 1653 in
2073 1616 2174 1654 notis

85 1678 137 1717 ad
154 1678 365 1730 epistolam
384 1679 638 1717 centesimam
653 1679 932 1731 octogesimam
951 1679 1174 1730 septimam.
1200 1676 1246 1715 In
1268 1676 1462 1729 S5nodica
1481 1677 1645 1729 epistola
1661 1709 1669 1726 ‚
1689 1692 1776 1730 quae
1795 1679 1896 1718 inter
1916 1679 2172 1720 Bernardjnas

84 1753 143 1783 est
156 1745 368 1784 centesima
385 1745 638 1797 nonagesima
652 1745 798 1796 prima,
815 1753 853 1783 et
868 1745 910 1782 in
923 1743 999 1782 alia
1012 1758 1099 1796 quae
1116 1742 1236 1782 modo
1250 1753 1307 1782 est
1322 1742 1458 1783 ordine
1475 1746 1745 1784 trecentesima
1762 1747 1957 1799 trigesima
1983 1749 2167 1799 septima,

85 1810 315 1849 Innocentio
327 1823 439 1862 papae
459 1810 677 1863 significant
695 1809 833 1849 Patres
847 1841 856 1857 ‚
882 1809 1091 1849 Abaelardi
1112 1823 1261 1848 errores
1281 1824 1304 1847 a
1323 1823 1361 1848 se
1378 1809 1586 1849 damnatos
1601 1841 1610 1859 ,
1629 1812 1774 1850 intacto
1796 1822 1953 1851 auctore
1969 1843 1978 1860 ,
1995 1814 2103 1865 quod
2122 1813 2170 1852 ad

86 1875 230 1915 Sedem
260 1875 516 1929 apostolicam
548 1875 782 1928 appellasset
803 1894 811 1915 :
836 1886 956 1929 atque
982 1891 1164 1916 errorum
1182 1874 1356 1928 capitula
1378 1894 1391 1908 «
1416 1875 1573 1928 plenius
1600 1879 1788 1917 contineri
1806 1880 1847 1916 in
1862 1878 2001 1918 litteris
2021 1880 2171 1919 domini

90 1960 105 1976 »
128 1941 377 1982 senonensis.
402 1962 417 1976 υ
440 1943 520 1981 Has
538 1941 688 1981 litteras
707 1957 787 1982 non
803 1942 898 1982 alias
914 1957 994 1982 esse
1009 1943 1206 1982 credimus
1225 1974 1233 1991 ,
1255 1956 1378 1994 quam
1399 1942 1708 1995 subsequentem
1723 1944 1911 1983 Bernardi
1939 1946 2143 1997 epistolam
2160 1978 2168 1993 ‚

85 2008 128 2046 in
147 2022 228 2060 qua
243 2007 439 2059 ejusmodi
454 2008 629 2060 capitula
649 2008 892 2057 referuntur,
910 2010 1154 2061 strictimque
1173 2008 1426 2047 reeruntur.
1458 2009 1607 2048 Eadem
1631 2019 1722 2049 sunt
1740 2010 1912 2062 capitula
1924 2042 1932 2057 ‚
1955 2025 2040 2062 quae
2058 2012 2170 2051 Gau-

84 2074 190 2114 frido
209 2074 440 2114 Carnotensi
465 2075 645 2127 episcopo
667 2084 704 2114 et
725 2075 924 2115 Bernardo
940 2075 1133 2114 direxerat
1151 2074 1409 2121 Guillelmus,
1428 2089 1474 2114 e‘x
1494 2074 1885 2115 Sancti-Theoderici
1908 2076 2049 2115 abbate
2077 2087 2168 2116 tunc

85 2140 308 2180 monachus
321 2141 578 2194 Igniacensis,
600 2143 661 2180 uti
677 2151 842 2194 apparet
858 2156 902 2181 ex
922 2143 1005 2193 ejus
1023 2141 1166 2180 litteris
1182 2141 1362 2192 superius
1378 2140 1492 2179 editis
1511 2143 1612 2181 inter
1633 2142 1903 2181 Bernardinas.

137 2209 177 2245 2.
210 2205 395 2259 Capitula
419 2208 494 2245 ista
518 2208 666 2259 partim
690 2207 765 2245 sibi
786 2207 886 2246 falso
913 2208 1097 2259 imposita
1126 2215 1364 2257 conquestus
1386 2215 1442 2244 est
1462 2238 1470 2253 ‚
1492 2209 1640 2259 partim
1668 2222 1739 2260 pro
1761 2209 1840 2246 suis
1859 2208 1987 2260 agnita
2007 2210 2169 2246 con-exit

86 2272 331 2312 Ahaelardus
345 2273 386 2311 in
399 2272 590 2326 Apologia
603 2286 674 2311 sua
689 2303 698 2320 ‚
715 2274 756 2311 in
771 2287 852 2325 qua
867 2271 1114 2312 Bernardum
1130 2302 1140 2319 ‚
1159 2280 1351 2323 tanquam
1368 2273 1535 2311 unicum
1559 2273 1827 2312 adversarium
1846 2287 1982 2319 suum,
2007 2283 2052 2311 ut
2068 2272 2170 2311 dela-

85 2348 215 2378 torem
247 2339 471 2393 malignusn
487 2348 557 2378 aut
583 2339 918 2378 inconsideratum
946 2341 1093 2391 passim
1116 2337 1281 2377 lacessit.
1307 2337 1495 2377 Bernasdi
1519 2340 1783 2391 patrocinium
1808 2338 1990 2376 adversus
2021 2351 2083 2375 eas
2102 2352 2169 2375 ca-

86 2406 260 2446 lumnias
281 2421 484 2459 suscepere
515 2407 597 2447 duo
618 2408 742 2460 ipsius
762 2407 971 2447 Abaelardi
994 2406 1199 2459 quondam
1231 2406 1470 2453 familiareS‚
1493 2406 1562 2456 qui
1590 2404 1640 2443 ab
1670 2405 1752 2455 ejus
1785 2402 1981 2442 erroribus
2008 2402 2165 2441 tandem

85 2472 345 2524 resipuerant,
363 2472 598 2522 Gaufridus,
613 2472 803 2511 Bernardj
821 2483 956 2525 postea
971 2474 1149 2513 notarius
1166 2492 1175 2521 3
1197 2483 1235 2512 et
1247 2472 1415 2525 quidam
1434 2471 1556 2510 abbas
1575 2483 1795 2522 anonymus
1818 2487 1832 2501 <c
1849 2467 2060 2520 Nigrorum
2080 2482 2166 2505 mo-

92 2556 108 2572 »
134 2537 372 2578 nachormn.
387 2557 405 2573 u
420 2539 652 2591 Utrumque
666 2539 938 2593 designaverat
954 2539 1147 2579 Chesnius
1168 2540 1209 2577 in
1230 2538 1346 2577 Notis
1363 2538 1413 2577 ad
1429 2535 1694 2576 Abaelardum
1717 2552 1724 2572 :
1748 2533 1811 2572 sed
1825 2532 2034 2571 amborum
2050 2545 2169 2583 opus-

87 2602 178 2641 cula
204 2602 325 2642 modo
354 2605 459 2656 typis
477 2604 583 2643 edita
601 2613 694 2643 sunt
709 2606 750 2643 in
776 2614 885 2644 tomo
908 2615 1051 2658 quaito
1072 2605 1326 2644 Bibliothecae
1342 2603 1601 2643 Cisterciensis
1624 2618 1632 2638 :
1653 2600 1722 2639 ubi
1739 2598 1915 2637 eruditus
1935 2597 2061 2636 editor
2075 2597 2169 2635 Ber·-

87 2667 253 2707 trandus
269 2668 464 2707 Tisserius
483 2669 678 2717 observat,
697 2669 885 2709 abbatem
901 2671 1024 2710 istum
1040 2686 1287 2725 anonymum
1309 2671 1434 2710 alium
1456 2684 1535 2708 esse
1553 2683 1575 2706 a
1593 2666 1807 2706 Guillelmo
1821 2663 2170 2702 Sancti-Theode-

87 2735 171 2772 rici.
190 2733 324 2772 Abbas
338 2748 457 2786 porro
476 2743 560 2773 erat
580 2736 621 2773 in
641 2736 808 2774 Francia
825 2766 834 2783 ,
857 2736 898 2775 id
913 2746 970 2776 est
992 2738 1033 2775 in
1052 2737 1261 2790 metropoli
1279 2737 1490 2777 Senonensi
1512 2734 1572 2772 vel
1602 2732 1785 2771 Remensi
1799 2762 1808 2779 ‚
1833 2740 1928 2768 teste
1953 2728 2144 2768 Gaufrido
2157 2762 2166 2779 ,

88 2808 136 2838 ut
162 2813 256 2838 mox
276 2798 502 2839 videbimus
523 2818 532 2847 ;
563 2809 719 2852 tresque
738 2801 876 2848 libros,
899 2802 1086 2843 adversus
1106 2803 1373 2843 Abaelardum
1396 2817 1418 2840 a
1443 2815 1480 2839 se
1506 2800 1685 2850 scriptos,
1710 2797 1865 2848 Hugoni
1900 2795 2169 2848 Rotomagen-

89 2866 195 2904 sium
224 2865 516 2918 archiepiscopo
546 2865 755 2905 dedicavit.
787 2867 893 2906 Eum
925 2886 939 2900 a
969 2868 1180 2908 dominum
1208 2889 1224 2903 n
1256 2884 1375 2909 suum
1407 2875 1518 2906 vocat
1539 2865 1651 2903 initio
1677 2862 1770 2900 libri
1793 2861 1966 2908 secundi,
1997 2863 2171 2913 itemque

94 2950 109 2965 «
131 2931 390 2970 clarissimam
418 2931 775 2984 Rotomagensium
799 2931 1002 2972 lucernam
1030 2952 1038 2973 :
1061 2936 1132 2987 qui
1151 2935 1342 2974 catholico
1370 2942 1536 2986 pectore,
1605 2930 1748 2979 inquit,
1776 2946 1789 2960 α
1814 2927 1861 2966 de
1881 2927 1965 2966 Deo
1986 2937 2054 2966 tuo
2082 2942 2170 2965 sen-

94 3014 111 3030 »
137 2997 202 3045 tis,
221 2996 414 3036 catholico
438 3010 507 3035 ore
525 2995 715 3048 loqueris,
733 3006 772 3036 et
791 2997 984 3038 catholica
1003 3014 1127 3039 manu
1148 3002 1293 3039 caeteris
1307 2997 1557 3038 excellentius
1572 2994 1718 3032 scribis.
1745 3012 1757 3026 >2

143 3064 182 3102 3.
218 3063 278 3102 Ex
307 3062 490 3115 capitulis
521 3077 702 3102 errorum
729 3063 950 3104 Abaelardo
969 3066 1198 3118 imputatis,
1227 3064 1408 3116 quaedam
1437 3063 1478 3099 in
1506 3059 1674 3112 vulgatIS
1696 3059 1779 3108 ejus
1806 3057 1990 3110 operibus
2015 3056 2170 3095 deside—

90 3137 242 3168 rantur.
264 3128 383 3167 Unde
401 3128 586 3168 nonnulli
603 3131 849 3169 occasionem
869 3132 1068 3184 arripiunt
1092 3129 1350 3171 insimulandi
1383 3125 1630 3165 Bel-nardum
1651 3155 1659 3171 ‚
1690 3125 1802 3175 quasi
1820 3121 2036 3161 Abaelardo
2055 3121 2170 3158 falsos

90 3207 239 3232 errores
267 3192 478 3243 affinxerit,
499 3203 538 3233 et
554 3208 647 3232 cum
663 3194 783 3234 larvis
799 3205 918 3248 atque
936 3196 1092 3236 umbris
1110 3195 1369 3235 dimicaverit.
1390 3193 1438 3230 At
1455 3200 1604 3231 constat
1623 3189 1828 3242 plerosque
1846 3189 1962 3226 etiam
1978 3187 2016 3223 in
2037 3185 2173 3237 vulga-

92 3259 142 3297 tis
166 3260 318 3311 scriptis
347 3273 496 3299 errores
522 3259 764 3312 deprehendi
784 3292 793 3310 ,
818 3271 863 3300 ut
891 3263 971 3300 suis
990 3262 1084 3301 locis
1101 3261 1378 3301 ostendemus:
1399 3268 1451 3306 et,
1477 3259 1505 3295 si
1527 3271 1604 3308 qua
1630 3254 1799 3305 amplius
1832 3266 1910 3290 non
1935 3260 2107 3296 exstant,
2131 3264 2173 3288 ea

93 3324 297 3380 quondam
310 3324 351 3366 in
368 3326 452 3379 ipso
467 3325 686 3366 Abaelardo
698 3326 833 3379 legisse
847 3327 1110 3367 Guillelmum
1127 3323 1524 3366 Sancti-Theoderici.
1541 3318 1779 3359 Gaufridum
1789 3347 1797 3354 .
1815 3326 1849 3359 et
1864 3315 2043 3354 abbatem
2059 3314 2171 3352 illum
