2565 3952
1006 233 1270 270 EPISTOLAE.

1125 309 1152 328 41

94 234 165 272 169
2116 236 2188 277 170

1175 313 1319 364 cipium
1341 314 1574 365 condignum
1594 325 1853 366 consequatur
1868 318 2000 366 finem,
2019 330 2056 358 et
2076 325 2196 361 cauda

84 406 138 416 ,m
141 403 1103 416 .................................................................
1125 370 1153 404 Α
1173 374 1308 412 hostiae
1324 376 1441 427 capiti
1453 375 1748 427 conjungatur*.
1764 379 2078 418 Benedictionem
2093 391 2196 420 tuam

1175 436 1342 474 libenter
1368 437 1585 488 accepimus
1599 466 1608 482 ‚
1630 439 1843 488 praesertim
1869 440 1974 489 quod
1996 450 2100 478 tanta
2121 452 2196 480 tuae

1175 497 1291 547 hujus
1314 498 1562 548 perfectionis
1586 498 1701 535 fucrit
1728 499 1921 536 cumulata
1940 499 2194 549 jucunditate.

1172 560 1354 594 Latorem
1388 558 1582 609 epistolae,
1615 558 1684 595 etsi
1714 572 1788 609 pro
1817 559 1942 609 seipso
1975 561 2064 598 satis
2088 576 2196 599 com-

1176 617 1460 666 mendabilem,
1485 627 1611 656 tamen
1635 619 1748 656 etiam
1771 633 1844 669 pro
1870 633 1931 657 me
1953 630 2091 659 vestrae
2112 637 2196 660 ma—

1176 680 1405 730 gnificentiae
1433 694 1515 718 esse
1544 680 1659 731 cupio
1691 681 2019 719 commendatum.
2049 686 2116 721 Est
2146 685 2197 722 si-

1174 739 1332 790 quidem
1362 741 1456 778 mihi
1478 755 1551 792 pro
1579 755 1648 779 sua
1667 741 1867 779 honestate
1890 751 1928 779 et
1948 743 2195 794 religiositate

1174 803 1431 841 charissimus.

251 528 630 585 EPISTOLA
694 526 936 584 XXIV.a

108 686 156 709 AD
190 684 407 709 MAGISTRL'M
442 684 712 707 GILLEBERTUM
746 684 1015 708 UXIVERSALEM
1034 671 1074 715 *,

307 745 520 769 EPISCOPUM
556 745 869 769 LONDONIENSEM.

79 863 199 896 Laudat
219 862 448 900 Gillebertum,
472 861 558 905 quod
578 860 678 894 faetus
695 862 862 906 episcopus
879 868 1104 906 paupertatem

541 917 638 948 colat.

130 1044 264 1090 Longe
284 1039 374 1078 satis
394 1040 488 1077 exiit
507 1053 634 1078 sermo
657 1054 772 1091 quem
795 1040 940 1089 fecisti,
961 1049 998 1079 et
1015 1055 1099 1079 ma-

77 1114 196 1152 gnum
216 1101 322 1138 dedit
342 1102 539 1138 suavitatis
560 1101 742 1149 odorem,
765 1101 812 1138 ad
830 1115 1098 1153 quoscumque
1119 1108 1147 1143 B

76 1163 204 1214 potuit
219 1163 436 1213 pervenire.
452 1163 650 1201 Exstincta
667 1172 724 1200 est
741 1164 924 1210 avaritia3
941 1164 1003 1201 cui
1021 1178 1103 1201 non

75 1235 193 1259 suave
221 1222 416 1259 redoleat?
442 1222 606 1260 charitas
626 1231 780 1273 regnat3
805 1223 867 1260 cui
888 1223 1004 1261 dulce
1026 1238 1106 1261 non

76 1282 228 1333 sapiat?
255 1282 413 1332 quando
452 1283 528 1320 hoc
563 1292 802 1333 cognoscunt
833 1297 986 1330 omnes,
1017 1285 1108 1334 quia

1358 1078 1734 1136 EPISTOLA
1798 1074 2010 1135 XXV?

1202 1235 1248 1257 AD
1267 1234 1454 1257 Htjcoxx-:M
1470 1232 1772 1257 ROTOMAGI-:NSEM
1791 1231 2119 1255 ARCHIEPISCOPL‘M
2134 1217 2163 1254 *-

74 1356 167 1380 vere
200 1343 354 1394 sapiens
379 1343 450 1391 sis,
474 1344 541 1393 qui
566 1343 765 1394 sapientire
789 1343 941 1380 hostem
965 1345 1091 1381 maxi-

76 1417 180 1441 mum
212 1404 457 1442 contrivisti:
485 1405 559 1441 hoc
584 1413 688 1442 certe
717 1413 755 1441 et
784 1413 852 1441 tuo
878 1405 1096 1442 sacerdotio

75 1465 259 1516 dignum,
279 1473 318 1502 et
333 1465 504 1503 nomine.
521 1466 604 1503 Tali
632 1465 809 1516 profecto
828 1464 991 1503 decebat
1011 1479 1100 1517 spe-

74 1526 208 1563 cialem
221 1524 241 1549 ¹³
261 1533 365 1563 tuam
386 1526 673 1578 philosophiam
692 1526 903 1564 clarescere
922 1528 1099 1565 testimo-

76 1587 162 1634 nio,
181 1587 256 1624 hoc
274 1587 459 1638 praeclara
482 1587 546 1624 illa
568 1596 632 1625 tua
653 1587 778 1625 studia
798 1589 874 1625 fine
894 1589 1096 1639 compleri.

74 1651 172 1687 Vera
188 1649 252 1686 illa
270 1657 310 1686 et
330 1648 547 1686 indubitata
566 1649 754 1700 sapientia
771 1658 848 1696 est,
866 1663 952 1700 quae
969 1651 1099 1701 turpia

73 1711 176 1748 lucra
204 1711 436 1758 contemnit,
457 1718 496 1748 et
524 1710 724 1761 indignum
754 1709 828 1748 sibi
854 1710 1005 1760 judicat
1031 1725 1099 1749 eo-

73 1770 159 1808 dem
187 1785 275 1809 cum
297 1771 495 1809 idolorum
516 1772 701 1810 servitute
724 1771 983 1810 contubernio
1008 1773 1096 1811 frui.

72 1835 158 1870 Non
178 1845 359 1883 magnum
385 1833 457 1870 fuit
485 1833 710 1884 magistrum
731 1831 986 1872 Gillebertum
1011 1835 1095 1885 epi—

1173 1355 1327 1383 Hortatur
1342 1353 1530 1393 Hugonem,
1553 1356 1588 1381 ut
1607 1349 1692 1392 apud
1708 1359 1780 1380 suos
1804 1353 2052 1391 Rotomagenses
2071 1348 2193 1391 patiens

1215 1406 1308 1437 simul
1328 1417 1364 1437 ac
1382 1405 1531 1448 pacificus
1545 1415 1612 1436 esse
1631 1403 1755 1435 studeat
1777 1413 1785 1435 :
1806 1403 1909 1435 zelum
1929 1413 2054 1445 quoque
2075 1402 2193 1434 discre-

1216 1461 1303 1493 tione
1315 1460 1510 1492 moderetur.

1228 1584 1259 1621 l.
1297 1583 1334 1621 Si
1358 1582 1433 1620 diei
1454 1582 1598 1620 malitia
1622 1580 1842 1627 invalescit,
1862 1593 1940 1616 non
1962 1580 2191 1630 pi'aevaleat3

1169 1644 1200 1681 si
1234 1644 1387 1691 turbat,
1425 1657 1505 1681 non
1539 1641 1752 1693 perturbet.
1783 1640 1979 1679 Mirabiles
2008 1641 2192 1678 elationes

1167 1707 1302 1754 maris,
1334 1705 1401 1744 sed
1430 1705 1645 1743 mirabilior
1671 1705 1710 1741 in
1738 1704 1822 1741 altis
1844 1703 2045 1741 Dominus.
2076 1703 2192 1739 Beni-

1165 1780 1263 1817 gne,
1286 1767 1316 1804 si
1335 1781 1415 1804 non
1435 1766 1670 1812 dissimulas,
1691 1765 1767 1815 egit
1783 1773 1907 1801 tecum
1926 1776 2046 1813 usque
2066 1763 2193 1800 adhuc

1166 1842 1334 1879 superna
1355 1828 1565 1873 miseratio,
1586 1836 1696 1878 pater
1710 1825 1880 1863 illustris
1898 1824 2063 1862 Provida
2081 1837 2192 1860 nam-

71 1906 233 1945 scopum
264 1893 347 1931 fieri
371 1889 385 1930 ¹:
416 1893 482 1931 sed
512 1894 740 1945 episcopum
772 1894 1092 1933 Londoniensem
1115 1894 1141 1930 C
1164 1904 1239 1941 que
1265 1890 1573 1941 dispensatione,
1592 1902 1673 1925 non
1695 1888 1803 1938 prius
1825 1886 2028 1938 praefectus
2049 1899 2088 1922 cs
2111 1899 2189 1922 ma-

71 1967 282 2005 pauperem
308 1955 439 1992 vivere
456 1954 496 2002 *,
518 1955 557 1992 id
578 1956 694 2006 plane
721 1956 979 2005 magnificum.
1009 1960 1088 1994 Nec

71 2014 174 2052 enim
213 2023 322 2052 tanto
359 2016 508 2053 nomini
543 2016 757 2066 quidquam
795 2029 935 2066 augere
967 2017 1099 2066 gloriae

69 2076 197 2127 potuit
220 2075 439 2114 sublimitas
468 2077 663 2126 dignitatis
690 2092 698 2114 ε
723 2077 829 2114 auxit
853 2086 978 2114 autem
1001 2078 1097 2128 plu—

36 2133 44 2136 *
70 2136 210 2174 rimum
230 2137 428 2175 humilitas
452 2138 702 2188 paupertatis.
728 2138 957 2188 Pauperiem
979 2151 1092 2188 aequo

69 2198 198 2234 animo
229 2198 330 2234 ferre
345 2227 354 2245 ,
377 2198 500 2235 virtus
520 2198 715 2248 patientias
737 2207 793 2234 est
821 2213 828 2234 :
854 2206 993 2248 sponte
1020 2212 1090 2248 ap-

71 2267 220 2310 petere,
240 2259 439 2310 sapientiae
456 2260 539 2296 laus
557 2268 624 2297 est.
650 2258 849 2297 Laudatur
868 2259 1036 2309 denique
1057 2267 1095 2296 et

72 2319 307 2356 admirabilis
341 2319 596 2370 praedicatur,
626 2320 693 2370 qui
722 2328 812 2370 post
841 2333 978 2357 aurum
1012 2333 1093 2356 non

71 2378 163 2423 abiit
188 2395 196 2417 z
224 2380 292 2430 qui
324 2394 418 2417 vero
445 2388 484 2417 et
507 2379 671 2429 abjecit,
694 2381 782 2430 plus
808 2380 903 2416 nihil
928 2379 1097 2417 merebi-

74 2442 158 2478 tur?
183 2441 263 2479 Nisi
292 2441 400 2491 quod
427 2441 519 2492 vigil
547 2441 646 2479 ratio
677 2441 898 2479 mirandum
928 2441 1088 2478 minime

73 2501 198 2548 ducit,
225 2502 260 2539 si
279 2502 430 2554 sapiens
451 2503 648 2553 sapienter
674 2503 767 2553 agit,
791 2510 829 2539 et
850 2502 915 2539 ille
938 2502 1092 2552 sapiens

72 2563 138 2613 qui
153 2563 194 2600 in
213 2564 359 2601 cunctis
372 2563 488 2614 hujus
507 2564 643 2601 mundi
657 2563 889 2614 sapientium
905 2563 1042 2600 litteris
1060 2571 1098 2600 et

72 2623 203 2660 studiis
229 2624 389 2672 ludens,
414 2638 571 2665 omnem
598 2638 756 2675 quoque
778 2624 927 2661 studuit
950 2632 989 2661 et
1016 2637 1091 2674 po-

1170 1952 1233 1998 lis,
1257 1965 1371 2002 quam
1400 1951 1566 1988 sociatus
1590 1950 1724 1996 bonis,
1746 1962 1915 1999 quorum
1935 1947 2132 1985 consortio
2155 1955 2192 1983 et

1169 2013 1349 2064 exemplo
1369 2011 1497 2049 bonus
1517 2012 1649 2057 fieres,
1672 2019 1709 2047 et
1731 2010 1784 2047 sic
1806 2007 2056 2060 postmodum
2075 2008 2190 2044 etiam

1168 2074 1269 2111 inter
1289 2074 1410 2110 malos
1427 2074 1558 2110 vivere
1578 2071 1705 2109 bonus
1723 2083 1867 2122 posses.
1885 2073 1933 2107 Et
1951 2068 2107 2119 quidem
2124 2068 2187 2104 in-

1169 2142 1226 2171 ter
1251 2133 1376 2171 bonos
1408 2133 1556 2170 bonum
1592 2145 1696 2178 esse,
1729 2132 1891 2168 salutem
1921 2128 2058 2175 habet3
2082 2129 2184 2165 inter

1167 2195 1287 2232 malos
1317 2207 1433 2241 vero,
1465 2202 1504 2230 et
1532 2192 1698 2230 laudem.
1729 2191 1831 2230 Illud
1859 2199 1973 2228 tantae
2000 2189 2190 2227 facilitatis

1163 2265 1243 2303 est,
1263 2264 1417 2306 quantae
1439 2263 1477 2291 et
1498 2254 1713 2291 securitatis
1740 2268 1748 2290 ε
1772 2253 1846 2290 hoc
1865 2260 1978 2289 tantae
2006 2251 2160 2288 virtutis
2178 2279 2186 2294 ,

1165 2325 1320 2367 quantae
1349 2324 1387 2352 et
1414 2315 1662 2352 difficultatis.
1685 2315 1805 2363 Quale
1828 2326 1968 2364 nempe
1991 2321 2044 2350 est
2066 2312 2188 2361 istud,

1166 2385 1323 2427 tangere
1345 2376 1471 2426 picem
1486 2405 1497 2422 ,
1515 2383 1553 2412 et
1572 2388 1651 2412 non
1672 2373 1867 2424 inquinari
1890 2386 1938 2410 ex
1958 2386 2020 2420 ea,
2039 2373 2078 2409 in
2099 2373 2186 2423 igne

1165 2438 1246 2474 sine
1271 2437 1427 2474 laesione
1448 2436 1615 2483 versari,
1638 2444 1677 2472 et
1697 2436 1736 2472 in
1760 2434 1931 2472 tenebris
1956 2433 2102 2484 absque
2126 2447 2190 2471 ca-

1166 2498 1310 2548 ligine?
1333 2497 1549 2548 Palpabant
1572 2496 1772 2547 quondam
1796 2494 1972 2531 tenebras
1993 2494 2184 2544 *lfiffl'l’ffi’

1167 2573 1253 2597 cum
1273 2569 1402 2597 tamen
1415 2559 1462 2596 de
1480 2559 1629 2610 populo
1644 2557 1715 2595 Dei
1732 2556 1929 2606 Scriptura
1945 2555 2046 2592 dicat
2064 2570 2072 2591 :
2099 2555 2189 2590 Cha·-

1162 2635 1319 2671 eumque
1335 2623 1462 2657 Israel
1479 2629 1573 2666 erat,
1596 2622 1662 2655 luiz·
1681 2627 1763 2654 ercet
1775 2625 1801 2655 ².
1821 2621 1912 2654 Erat
1930 2615 2055 2653 David
2072 2629 2188 2652 verus

73 2683 145 2720 tuit
171 2683 340 2722 divinam
368 2685 660 2736 quodammodo
690 2697 874 2722 revocare
904 2693 942 2722 et
968 2697 1087 2721 reno-
1107 2692 1141 2726 D
1160 2682 1356 2729 Israelita,
1380 2689 1418 2718 et
1440 2681 1528 2718 ideo
1551 2688 1659 2717 caute
1681 2679 1835 2716 dicebat
1855 2691 1894 2715 se
1910 2676 2083 2714 habitare
2106 2689 2186 2713 non

71 2755 160 2781 vare
179 2745 428 2796 Scripturam.
440 2746 543 2795 Quid
551 2746 655 2783 enim
668 2747 683 2782 Ρ
696 2745 932 2797 Dispersisti,
947 2745 1088 2782 dedisti

71 2803 326 2855 pauperibus,
349 2806 417 2843 sed
437 2806 654 2857 pecuniam.
681 2806 782 2856 Quid
810 2820 905 2844 vero
925 2806 1090 2857 pecunia

21 2860 23 2884 ³
73 2872 130 2902 est
144 2865 192 2902 ad
207 2866 310 2903 illam
330 2880 447 2917 quam
465 2881 539 2918 pro
556 2881 600 2904 ea
616 2866 1058 2917 commutastijustitiam
1074 2868 1089 2903 Ρ

22 2933 25 2981 Ἰ
72 2925 384 2978 Iustitia‚inquit‚
401 2933 481 2975 esus
501 2938 630 2965 manet
649 2933 687 2964 in
707 2931 888 2964 soecalum
909 2930 1042 2964 soeculi
1063 2934 1089 2964 ¹.

73 2986 171 3022 Num
197 2986 249 3024 ita
279 2997 318 3025 et
341 2989 531 3039 pecunia?
556 2992 828 3038 Quaestuosum
850 3002 942 3026 sane
966 2988 1093 3026 hone-

74 3053 248 3097 stumque
290 3051 567 3087 commercium
586 3079 596 3097 ‚
630 3051 733 3087 illam
778 3064 864 3100 quae
896 3050 1093 3101 praeterit,

74 3118 145 3156 pro
173 3108 239 3146 illa
268 3109 359 3148 dare
387 3124 473 3162 quae
505 3120 721 3162 permanet.
754 3112 814 3150 Sic
843 3124 997 3162 semper
1027 3110 1096 3148 tibi

70 3168 254 3217 negotiari
283 3169 420 3218 detur,
449 3171 554 3210 bone
584 3181 623 3210 et
655 3173 763 3210 omni
797 3171 913 3209 laude
949 3185 1093 3222 prose-

28 3228 220 3284 “quende
252 3232 446 3282 magister.
478 3235 661 3284 Superest
692 3242 735 3272 ut
759 3232 954 3271 laudabile
976 3233 1091 3283 prin-

1157 2743 1197 2780 in
1228 2742 1374 2789 Cedar,
1399 2740 1468 2779 sed
1495 2755 1578 2777 cum
1607 2739 1867 2777 habitantibus
1899 2735 2071 2784 Ced‘zr3,
2096 2745 2184 2773 tan—-

1158 2817 1274 2854 quam
1297 2803 1363 2854 qui
1383 2815 1537 2853 semper
1556 2801 1749 2839 habitaret
1766 2801 1805 2837 in
1826 2799 1972 2837 lumine
1985 2829 1994 2846 ,
2010 2799 2099 2835 licet
2112 2798 2185 2848 ipsi

1159 2864 1275 2902 fuerit
1307 2878 1394 2901 cum
1428 2862 1692 2900 habitantibus
1727 2861 1850 2901 cedar
1881 2860 2094 2911 corporalis
2120 2873 2186 2896 co-

1168 2926 1370 2964 habitatio.
1392 2925 1510 2964 'Unde
1540 2933 1578 2962 et
1603 2924 1728 2974 arguit
1751 2922 1940 2974 quosdam
1969 2935 2047 2958 non
2073 2933 2187 2957 veros

1167 2987 1380 3033 Israelitas‚
1409 2985 1516 3036 quod
1542 2985 1741 3022 commixti
1766 2984 1868 3020 inter
1888 2990 2019 3032 gentes
2040 2980 2187 3017 didice-

1164 3049 1243 3085 rint
1264 3061 1383 3099 opera
1407 3060 1564 3093 eorum,
1587 3054 1626 3083 et
1649 3046 1790 3083 factum
1816 3044 1864 3082 sit
1878 3043 1951 3080 illis
1968 3043 2007 3079 in
2025 3040 2187 3080 scanda-

1262 3109 1290 3146 ’4.

1163 3110 1254 3209 luni.
1285 3170 1382 3208 Dico
1410 3181 1502 3219 ergo
1527 3184 1534 3206 :
1564 3166 1780 3205 sufficiebat
1809 3164 1877 3203 tibi
1907 3163 2010 3215 apud
2036 3161 2184 3202 Clunia·

1163 3244 1296 3269 censes
1328 3229 1525 3268 custodire
1557 3227 1842 3274 innocentiam,
1877 3225 1975 3262 sicut
1999 3223 2183 3272 scriptum

123 3373 133 3388 ¹
154 3369 234 3400 Psal.
249 3381 325 3409 cxx,
347 3374 380 3403 9.
395 3391 441 3396 --
459 3379 473 3394 ²
489 3374 590 3406 Exod.
606 3387 650 3413 x,
668 3378 723 3407 23.
737 3394 783 3398 —-
800 3373 813 3397 3
829 3376 910 3407 Psal.
930 3387 1028 3413 cmx,
1053 3380 1082 3407 ἴ).
1102 3395 1145 3399 --
1169 3375 1182 3402 4
1204 3376 1286 3407 Psal.
1309 3387 1368 3411 cv,
1385 3378 1446 3411 35,
1466 3377 1522 3405 36.

118 3428 132 3444 ³
157 3429 278 3473 Scripta
302 3431 384 3464 circa
403 3443 522 3469 annum
550 3437 652 3468 1130.
676 3455 720 3458 —
741 3429 756 3453 b
772 3436 860 3468 Alias
903 3435 1109 3468 wiriwalam.
1131 3454 1175 3459 —-
1190 3442 1202 3458 Ε
1219 3436 1344 3479 Scripta
1364 3445 1448 3466 anno
1468 3432 1586 3466 Christi
1613 3435 1712 3463 1132).

873 3461 879 3475 ⁷
913 3459 924 3482 l
