2565 3952
99 176 166 213 121

1019 173 1287 208 EPISTOLAE.

95 251 313 301 exstinguit.
326 250 504 299 Denique
516 278 525 296 ‚
538 247 644 298 quod
661 248 781 297 magis
796 247 947 293 metuis,
967 246 1113 284 febrem
1134 247 1162 265 ¹⁵

2150 184 2223 224 122

1184 257 1260 285 tam
1282 249 1579 299 compendiosa,
1603 264 1740 300 magna
1755 253 1911 302 quidem
1930 257 2112 308 scientitc,
2134 265 2206 301 mi-

96 326 174 350 non
195 309 396 362 prohibet,
419 318 587 346 mortem
608 322 687 345 non
706 317 821 345 arcet.
845 307 921 346 [bi
947 316 1037 344 sunt
1054 322 1117 345 ar-
1136 308 1167 342 A
1186 323 1228 345 ra
1250 309 1444 346 charitatis
1460 319 1596 346 vestrae
1613 311 1774 357 indicia,
1794 314 2022 354 mirantibus
2044 321 2154 360 nobis
2171 335 2209 362 et

96 385 156 409 ma
178 370 341 408 bellica?
356 368 422 406 ubi
441 377 590 406 scutum
612 368 724 404 fidei?
746 367 812 404 ubi
833 369 939 417 galea
963 369 1116 406 salutis?

95 432 161 469 ubi
182 431 373 482 patientiae
388 430 534 466 lorica?
555 428 655 477 Quid
671 428 860 478 trepidas?
880 429 1011 466 Plures
1028 438 1118 465 sunt

94 491 319 536 nobiscum,
353 503 469 540 quam
499 503 587 526 cum
614 489 699 525 illis.
726 492 841 526 Sume
863 502 988 534 arma,
1013 502 1117 525 resu-

95 566 154 590 me
175 552 299 598 vires,
325 551 417 588 dum
449 550 573 587 adhuc
599 550 776 600 praelium
798 549 922 587 durat.
962 550 1116 587 Adsunt

94 612 228 663 Angeli
251 620 486 662 spectatores
518 619 556 648 et
588 619 831 660 protectores
864 626 871 647 :
901 610 1009 647 adest
1030 611 1112 660 ipse

93 672 282 712 Dominus
301 671 459 720 adjutor
481 679 519 708 et
539 680 762 721 susceptor,
784 670 851 720 qui
870 670 1006 708 doceat
1030 685 1114 707 ma-

93 747 166 772 nus
181 742 263 771 tuas
279 732 326 769 ad
339 732 514 783 praelium
527 761 536 777 ,
555 740 592 768 et
607 732 744 781 digitos
759 740 844 768 tuos
862 731 909 768 ad
926 730 1071 768 bellum
1086 738 1112 768 ¹.

92 793 348 833 Procedamus
368 793 408 829 in
430 792 667 842 adjutorium
691 793 852 829 fratrum
865 821 873 837 ‚
898 806 946 829 ne
967 792 997 828 si
1017 793 1115 829 sorte

93 856 174 893 sine
203 853 315 892 nobis
343 863 539 904 pugnent,
573 854 654 891 sine
679 853 792 890 nobis
823 853 1003 899 vincant,
1034 853 1116 890 sine

92 915 204 953 nobis
223 915 511 965 ingrediantur3
533 915 741 952 novissime
764 928 850 952 cum
873 915 1002 951 clausa
1027 915 1113 951 fue-

91 976 143 1014 rit
165 975 312 1026 janua,
346 989 432 1013 sero
464 974 711 1026 pulsantibus
733 1004 742 1020 ‚
782 974 894 1012 nobis
926 975 972 1011 de
1011 975 1115 1011 intus

1184 369 1544 419 congratulantibus
1562 372 1730 420 praefert.
1754 373 1827 410 Sed
1842 376 1948 424 quod
1965 377 2011 414 de
2029 379 2207 422 laudibus

1187 429 1330 466 nostris
1352 443 1423 479 pro
1444 438 1573 466 vestra
1599 430 1825 477 devotione,
1859 447 1945 483 quae
1976 445 2102 476 tamen
2132 456 2212 481 non

1184 489 1398 540 probastis,
1430 499 1504 527 tam
1542 491 1766 528 excellentia
1794 495 2052 544 praeinisistis3
2076 502 2145 537 etsi
2166 504 2214 540 ad

1184 551 1410 588 humilitatis
1425 565 1581 602 quoque
1604 553 1765 589 formam
1784 553 1998 604 (quantum
2024 572 2071 596 cx
2100 563 2210 602 vobis

1185 612 1265 662 est)
1289 626 1366 649 non
1389 613 1636 650 mediocriter
1656 614 1848 652 instruere
1869 629 1939 653 nos
1954 621 2099 668 potuit,
2117 637 2210 662 con-

1184 674 1360 710 scientias
1379 682 1505 710 tamen
1524 683 1675 711 nostras
1696 676 1820 712 multo
1838 677 1998 715 inferius
2020 680 2212 733 jacentes,

1184 743 1371 784 quantum
1404 734 1443 770 in
1476 734 1588 772 nobis
1620 744 1700 781 est,
1728 736 1981 775 veliementer
2013 744 2210 783 esxterruit.

1183 794 1276 842 Quis
1298 794 1400 830 enim
1432 804 1609 832 nostrum
1642 809 1750 832 suam
1780 797 1983 836 attendens
2007 814 2208 842 conversa-

1184 855 1349 901 tionem,
1370 864 1475 893 tanta
1497 856 1544 893 de
1559 870 1597 894 se
1610 865 1647 894 et
1664 865 1738 894 tam
1759 857 1950 906 indebita,
1969 861 2050 898 sine
2070 877 2209 914 magno

1181 917 1243 953 vel
1262 926 1379 962 metu,
1402 918 1463 954 vel
1482 918 1656 968 periculo
1678 919 1801 969 possit
1822 919 2049 959 audirePDe
2070 924 2209 974 hujus-

1184 977 1289 1014 modi
1310 978 1455 1028 quippe
1483 979 1631 1025 aliens),
1670 993 1736 1017 seu
1761 980 1875 1017 etiam
1898 983 2059 1032 proprio
2083 999 2122 1022 se
2138 986 2208 1036 ju—

92 1036 400 1087 respondeatur:
429 1040 553 1072 Amen
580 1038 664 1071 dico
694 1034 825 1079 vobis,
859 1039 983 1071 nescio
1004 1041 1114 1071 νοεῖ.
1135 1036 1163 1069 Β
1185 1037 1284 1074 dicio
1307 1039 1548 1075 committere
1564 1069 1573 1085 ,
1597 1053 1775 1076 securum
1798 1054 1876 1077 non
1904 1051 1970 1078 est.
2001 1045 2074 1092 Qui
2104 1048 2207 1085 enim

93 1099 187 1142 Fae,
205 1108 358 1145 quaeso,
383 1103 419 1132 te
440 1095 549 1146 prius
568 1094 676 1141 sciri,
698 1094 756 1131 fac
779 1103 814 1130 tc
835 1093 943 1143 prius
960 1093 1084 1130 videri
1106 1110 1114 1131 ε

94 1170 144 1194 ne
172 1166 264 1194 tunc
291 1157 474 1194 nesciaris
491 1156 539 1194 ad
558 1157 741 1206 gloriam,
763 1156 893 1194 sciaris
920 1165 1047 1193 autem
1069 1155 1116 1192 ad

91 1231 263 1270 poenam.
284 1219 322 1256 Si
342 1218 567 1259 te‘Clii·istus
587 1217 759 1267 agnoscit
782 1217 821 1253 in
851 1216 954 1253 bello
970 1246 979 1262 ,
1005 1229 1118 1252 reco-

92 1288 251 1329 gnoscet
267 1280 306 1315 in
323 1280 442 1324 coelo3
463 1287 501 1315 et
519 1279 617 1315 sicut
636 1278 836 1327 promisit,
859 1276 1117 1314 manifestabit

93 1338 162 1376 tibi
182 1352 221 1376 se
238 1339 366 1389 ipsum
380 1336 413 1385 33
436 1338 467 1375 si
488 1347 616 1375 tamen
637 1347 675 1374 et
692 1347 732 1375 tu
753 1337 979 1388 poenitendo
1001 1345 1039 1373 et
1056 1350 1118 1373 re-

92 1398 309 1450 sipiscendo
332 1399 446 1435 talen]
466 1406 502 1435 te
523 1397 766 1445 exhibueris,
799 1406 841 1434 ut
862 1410 948 1434 cum
977 1396 1119 1433 fiducia

93 1459 218 1496 dicere
235 1459 358 1510 possis
383 1473 391 1495 :
427 1460 530 1494 Tunc
544 1472 783 1510 cognoscam,
807 1463 906 1494 sicut
925 1467 963 1494 et
983 1462 1117 1507 cogni—

93 1530 149 1557 tus
166 1534 248 1557 sum
263 1520 291 1557 ⁴¹.
310 1520 380 1557 His
397 1520 553 1557 interim
575 1518 907 1556 admonitionibus
925 1532 1118 1555 verecun-

92 1580 183 1618 dum
204 1580 459 1617 adolescentis
490 1580 662 1617 animum
691 1581 887 1630 pulsatum
908 1593 990 1617 esse
1011 1580 1115 1617 suffi-

92 1642 180 1679 ciat.
208 1645 291 1679 Jam
319 1641 423 1678 enim
445 1642 587 1678 nostris
616 1641 732 1678 etiam
760 1640 941 1691 precibus
972 1654 1046 1690 pro
1068 1653 1114 1677 eo

92 1701 222 1739 divina
241 1702 432 1752 pulsanda
451 1710 508 1739 est
530 1702 674 1752 pietas;
695 1716 781 1752 quae
803 1703 832 1739 si
860 1701 908 1739 ad
928 1702 1024 1738 ictus
1043 1714 1115 1737 no-

93 1772 257 1801 strarum
280 1763 547 1800 invectionum
577 1762 660 1812 ejus
695 1773 864 1801 mentem
886 1764 947 1800 vel
976 1777 1114 1813 parum

93 1824 278 1861 mollitam
299 1823 514 1871 invenerit,
539 1823 694 1861 confido
724 1824 771 1861 de
796 1825 900 1875 ipsa,
928 1823 1034 1874 quod
1065 1825 1113 1861 ci·
1136 1820 1162 1856 C

94 1885 167 1922 tius
188 1898 259 1922 nos
280 1885 327 1922 de
347 1885 432 1936 ipso
449 1884 670 1922 laetificabit.

95 2024 1115 2035 ιιιιιιιιιιιιιιιιιιιιιιιιιιιιιιιιιιιιιιιιιιιιιιιιιιιιιιιιιιιιιιιιιιιι

324 2154 704 2212 EPISTOLA
759 2153 887 2212 III.a

182 2310 229 2332 AD
252 2309 462 2334 CAXONICOS
477 2309 695 2334 REGULARES
715 2311 764 2333 DE
783 2311 1024 2334 AILDICURTE.

94 2423 252 2456 Laudibus
274 2424 337 2456 suis
357 2435 391 2456 se
412 2425 524 2457 terreri
545 2425 644 2467 magis
656 2449 663 2463 ‚
678 2436 773 2467 quam
794 2425 977 2457 demulceri.
993 2425 1119 2457 Deinde

141 2478 295 2520 quosdam
307 2489 346 2510 ex
360 2479 521 2511 canonicis
537 2482 569 2512 S.
584 2480 773 2523 Augustini,
789 2490 807 2511 a
823 2491 856 2512 se
879 2487 1040 2523 susceptos
1053 2491 1118 2512 non

143 2543 209 2566 esse
227 2533 459 2577 impediendos.

97 2663 333 2702 clericorum
362 2665 430 2715 qui
459 2674 549 2702 sunt
576 2665 615 2703 in
635 2665 723 2703 loco
744 2665 810 2716 qui
831 2665 971 2702 dicitur
997 2665 1122 2704 Aildi-

151 2725 286 2772 curtis,
313 2729 397 2763 Deo
420 2726 696 2773 servientium,
727 2735 860 2764 sancto
886 2727 1120 2774 conventui,

151 2786 331 2836 magistro
350 2790 387 2825 S.
404 2795 443 2824 et
456 2786 675 2837 discipulis,
693 2788 858 2838 pusillus
875 2801 967 2838 grex
987 2789 1123 2826 Clarae-

150 2846 385 2884 Vallensium
405 2847 567 2883 fratrum
582 2875 591 2893 ‚
617 2856 655 2884 et
674 2861 811 2885 eorum
829 2848 1123 2899 qualiscumque

151 2905 325 2943 minister
346 2906 466 2943 frater
490 2909 735 2954 nnus-ninus,
764 2907 804 2944 in
825 2908 964 2958 spiritu
984 2907 1123 2946 ambu-

151 2965 229 3003 lare
239 2995 250 3013 ,
271 2975 309 3004 et
324 2967 575 3018 spiritualiter
591 2968 722 3005 omnia
738 2969 959 3006 examinare
974 2968 1003 3007 b.

152 3094 376 3133 Exhortatio
392 3096 458 3133 illa
476 3096 515 3133 in
536 3097 673 3134 litteris
693 3097 830 3134 vestris
848 3106 924 3134 tam
939 3097 1102 3135 salubris
1115 3129 1125 3147 ,

1134 2612 1331 2652 Dfrustra
1364 2616 1554 2666 impedire
1591 2617 1768 2653 nitamini

1178 1097 1327 1148 judicat
1348 1112 1436 1145 nos,
1461 1100 1650 1136 Dominus
1672 1108 1728 1137 est
1747 1099 1772 1136 5.
1805 1102 1994 1139 Caeterum
2019 1104 2065 1141 de
2081 1106 2208 1144 fratri-

1184 1158 1275 1204 bus,
1299 1158 1345 1195 de
1366 1173 1533 1208 quorum
1551 1160 1672 1197 salute
1689 1169 1852 1197 vestram
1881 1162 2063 1201 nimirum
2081 1167 2209 1205 chari-

1186 1228 1300 1256 tatem
1332 1221 1531 1257 sollicitam
1565 1234 1646 1258 esse
1679 1222 1951 1271 cognovimus,
1987 1234 2028 1262 ut
2055 1240 2211 1267 securos

1183 1294 1253 1316 vos
1284 1281 1511 1327 reddamus,
1540 1282 1726 1318 noveritis
1757 1284 1971 1320 multorum
2004 1286 2209 1327 illustrium

1186 1341 1381 1386 virorum,
1413 1349 1451 1377 et
1480 1342 1646 1378 maxime
1677 1342 1875 1378 clarissimi
1904 1344 1976 1380 viri
1998 1347 2213 1386 willelmi*

1186 1402 1474 1439 Catalaunensis
1498 1402 1698 1452 episcopi,
1734 1403 1890 1440 hortatu
1918 1413 1955 1440 et
1978 1409 2137 1445 consilio
2168 1411 2214 1447 ad

1185 1475 1256 1499 nos
1293 1462 1526 1508 declinasse,
1556 1476 1672 1512 seque
1708 1476 1728 1499 a
1762 1462 1873 1500 nobis
1907 1467 2048 1517 suscipi
2085 1471 2214 1508 multis

1184 1523 1367 1574 precibus
1385 1538 1427 1561 ac
1446 1524 1795 1574 supplicationibus
1816 1525 2042 1576 impetrasse
2065 1544 2072 1564 :
2096 1544 2139 1567 ea
2158 1532 2215 1568 vi—

1187 1584 1324 1621 delicet
1340 1585 1577 1630 intentione,
1598 1594 1639 1621 ut
1654 1584 1704 1622 ob
1725 1594 1896 1623 tenorem
1918 1589 2092 1627 arctioris
2106 1593 2208 1640 x‘itae,

1182 1645 1230 1682 ab
1252 1646 1559 1683 institutionibus
1577 1646 1680 1683 beati
1702 1648 1909 1696 Augustini
1930 1649 1975 1686 ad
1997 1650 2212 1691 observan—

1184 1706 1253 1742 tias
1273 1706 1393 1742 sancti
1413 1705 1610 1743 Benedicti
1625 1706 1696 1743 Dei
1712 1705 1907 1755 adjutorio
1924 1708 1976 1745 sic
1998 1718 2206 1758 transeant,

1184 1775 1227 1803 ut
1265 1776 1393 1803 tamen
1428 1765 1476 1803 ab
1511 1766 1595 1816 ejus
1634 1766 1854 1816 magisterio
1870 1796 1880 1813 ,
1921 1770 1987 1818 qui
2028 1784 2128 1808 unus
2154 1782 2211 1810 est

1185 1827 1366 1865 omnibus
1396 1829 1578 1878 Magister
1612 1828 1651 1865 in
1688 1828 1787 1865 coelo
1819 1837 1857 1865 et
1893 1829 1931 1866 in
1968 1838 2068 1868 terra
2082 1830 2109 1879 ⁶,
2132 1846 2212 1870 non

1185 1889 1405 1936 discedant3
1430 1889 1612 1939 illamque
1635 1890 1799 1939 primam
1816 1889 1952 1937 fidem,
1977 1905 2091 1940 quam
2107 1895 2210 1944 apud

1184 1963 1276 1995 vos,
1318 1949 1397 1986 imo
1425 1963 1541 1999 quam
1565 1949 1732 2000 primum
1765 1950 1802 1985 in
1827 1951 2024 2000 Baptismo
2064 1955 2214 2003 promi-

1185 2018 1337 2056 serunt,
1374 2023 1453 2046 non
1484 2010 1631 2046 irritam
1662 2009 1826 2055 faciant,
1851 2010 1918 2047 sed
1937 2012 2079 2049 salvam
2112 2013 2211 2051 inte—

1185 2077 1373 2119 gramque
1397 2069 1629 2106 custodiant.
1649 2069 1807 2106 Talibus
1826 2070 1955 2120 itaque
1976 2072 2101 2110 taliter
2126 2087 2214 2111 sus-

1187 2129 1327 2180 ceptis,
1362 2129 1460 2167 absit
1494 2138 1536 2166 ut
1573 2129 1833 2167 sinceritatem
1866 2140 2056 2179 vestram,
2089 2143 2154 2170 aut
2175 2135 2214 2171 in

1186 2189 1432 2240 suscipiendo
1453 2190 1580 2226 laesam
1596 2219 1605 2237 ,
1628 2198 1694 2226 aut
1714 2190 1752 2226 in
1775 2191 1980 2229 retinendo
1997 2193 2212 2232 laedendam

1187 2263 1268 2287 esse
1289 2250 1491 2288 credamus
1511 2266 1518 2287 :
1543 2251 1635 2287 dum
1659 2259 1786 2288 tamen
1805 2252 1914 2300 illos,
1941 2253 1972 2290 si
1994 2255 2093 2291 forte
2114 2255 2214 2293 infra

1187 2323 1329 2347 annum
1352 2310 1594 2361 probationis
1611 2341 1621 2359 ,
1643 2312 1710 2361 qui
1733 2313 1962 2362 regulariter
1980 2317 2212 2354 constitutus

1184 2379 1260 2417 est,
1284 2380 1412 2422 coepta
1434 2372 1610 2410 deserere
1623 2403 1632 2420 ,
1649 2381 1687 2410 et
1708 2373 1756 2410 ad
1773 2387 1843 2410 vos
1857 2375 1984 2412 redire
2003 2377 2100 2413 velle
2118 2390 2215 2413 con—

1185 2432 1328 2482 tigerit,
1347 2433 1490 2470 invitos
1511 2446 1590 2470 non
1614 2434 1867 2471 detineamus.
1893 2435 2096 2486 Alioquin,
2123 2450 2213 2474 san-

1186 2493 1343 2529 ctissimi
1369 2493 1524 2540 fratres,
1555 2503 1681 2531 vestra
1710 2507 1789 2531 non
1810 2495 1947 2541 refert,
1972 2505 2016 2532 ut
2034 2497 2214 2547 spiritum

1186 2553 1373 2591 libertatis
1394 2555 1460 2604 qui
1481 2556 1521 2592 in
1550 2556 1603 2592 eis
1626 2564 1701 2602 est,
1730 2555 1973 2594 anathemate
1994 2557 2218 2595 inconsulto

1805 2632 1812 2654 :
1848 2617 1920 2654 nisi
1949 2617 2047 2655 forte
2080 2618 2218 2669 (quod

1188 2679 1293 2713 Deus
1316 2676 1483 2728 avertat),
1505 2691 1591 2728 quae
1613 2686 1761 2725 vestra,
1785 2691 1862 2715 uon
1884 2692 1969 2729 quae
1988 2683 2079 2718 Jesu
2101 2680 2215 2719 Chri-

1190 2737 1239 2774 sti
1256 2745 1366 2785 sunt,
1390 2752 1564 2789 quaerere
1583 2739 1779 2776 studeatis.

152 3240 164 3256 ¹
184 3237 520 3287 Psal.cxmn,17—-
550 3238 693 3271 ²Mauh.
713 3251 802 3278 xxv,
829 3243 883 3272 12.
906 3259 950 3263 —
967 3237 1091 3272 3Joan.
1119 3251 1198 3277 mv,
1221 3243 1344 3272 21.——
1366 3240 1379 3267 4
1396 3244 1411 3273 Ι
1430 3243 1504 3274 Cor.
1525 3254 1608 3282 xm,
1639 3246 1692 3274 12.
1711 3261 1755 3265 —
1771 3241 1784 3264 5
1799 3243 1848 3275 Id.
1879 3246 2045 3282 1v‚4.--
2062 3242 2207 3276 CMatth.

103 3299 192 3320 xxm
204 3313 212 3327 ‚
227 3292 258 3322 8.

1174 3296 1187 3311 ³
1206 3295 1328 3337 Scripta
1344 3305 1427 3326 anno
1443 3294 1558 3327 Christi
1581 3300 1590 3327 l
1607 3299 1682 3327 120.

150 3348 272 3396 &Hunc
284 3351 410 3383 titulum
423 3352 466 3384 sic
479 3353 672 3386 restituimus
691 3365 729 3385 ex
740 3354 848 3387 codice
863 3353 1058 3388 Corbeiensi.
1073 3355 1212 3398 Quinam
1227 3356 1289 3389 sint
1301 3356 1360 3402 *isti
1380 3356 1524 3389 canonici
1537 3357 1714 3400 regulares,
1734 3366 1799 3389 non
1815 3356 1926 3399 liquet.
