2565 3952
100 143 173 181 485

1013 140 1278 177 EPISTOLAE.

2124 152 2201 191 486

98 221 181 258 nisu
200 216 372 269 quolibet
389 216 568 253 retinere.
584 214 699 253 Unde
719 215 820 252 enim
837 215 1033 253 humilitas
1055 216 1315 256 1·c-²²¹Restat
1350 227 1392 255 ut
1422 233 1510 266 vos,
1543 234 1660 270 quem
1697 221 1857 259 lacteam
1890 224 2106 277 fortemque
2139 245 2206 267 00-

97 279 212 325 cedit,
228 277 280 314 ibi
304 276 517 314 necessario
541 275 723 325 superbia
743 275 911 313 succedit
934 291 941 312 :
961 276 1026 313 ubi
1050 290 1110 313 su-
1128 278 1159 311 A
1178 279 1349 315 lumnam
1364 309 1373 326 ,
1399 280 1460 316 cui
1481 281 1660 317 innititur
1681 283 1882 320 monastici
1908 285 2063 324 Ordinis
2087 291 2204 328 aedifi-

97 340 226 392 perbia
255 338 440 384 succedit,
466 337 517 374 ibi
543 337 668 374 statim
695 346 733 374 ct
760 337 904 374 invidia
933 337 1106 374 accedit:

95 400 160 440 ubi
180 398 323 437 invidia
346 399 491 445 oritur,
513 398 715 435 confestim
742 399 905 435 charitas
926 399 1106 436 moritur.

95 467 188 502 Nam
215 474 340 511 neque
365 474 453 497 eum
469 489 478 507 ,
509 460 570 496 cui
598 459 749 496 invidet
780 459 957 506 invidus,
982 469 1110 511 potest

95 523 269 573 diligere,
295 534 366 559 nec
393 521 433 557 in
461 534 540 557 non
573 520 754 571 diligente
781 520 944 558 charitas
979 521 1108 571 aliquo

95 582 209 622 modo
236 594 475 633 permanere.

146 644 208 682 29.
234 647 398 693 Propter
417 643 507 690 ista,
534 642 638 679 unde
663 641 771 680 abest
797 643 979 689 charitas,
1001 643 1110 681 abest

93 705 283 746 humilitas
309 720 317 742 ε
345 713 382 742 et
408 704 513 741 unde
538 703 646 742 abest
673 704 892 751 humilitas,
929 704 1037 741 abest
1071 714 1109 742 et

94 766 265 806 charitas.
286 769 370 803 Hoc
391 765 505 804 docet
526 766 627 803 clare
648 774 685 802 et
701 766 910 816 Apostolus
925 795 934 813 ,
950 779 1037 802 cum
1054 766 1109 803 di-

93 828 359 867 citzCharitas
389 841 464 863 mm
496 829 714 872 oelmclalur,
745 841 820 862 non
853 832 936 877 agit
959 841 1107 876 perpe-

93 903 191 935 ram,
233 902 307 924 non
346 897 400 924 est
433 887 647 925 ambitiosa.
684 891 734 925 Et
763 888 853 938 quia
891 902 962 926 nec
993 889 1107 926 ctiam

92 950 298 988 alienarum
330 963 459 987 rerum
490 949 650 1000 cupida,
673 948 830 986 subdit:
854 950 937 985 Non
972 955 1111 998 (facerit

92 1025 177 1062 quoe
196 1024 262 1047 sua
287 1020 373 1048 sunt
387 1018 411 1048 ¹.
439 1010 686 1048 Inflationem
708 1023 801 1060 ergo
827 1023 982 1047 omnem
998 1039 1007 1056 ,
1028 1024 1109 1047 am-

91 1071 272 1110 bitionem
304 1085 479 1118 omnem,
503 1071 754 1122 cupiditatem
785 1085 964 1118 omnem,
989 1071 1111 1108 avari-

92 1133 177 1172 tiam
197 1146 352 1171 omnem
376 1133 547 1171 excludit
571 1133 734 1170 charitas
757 1147 764 1168 τ
786 1133 865 1169 imo
893 1146 964 1183 per
983 1133 1111 1170 chari-—

92 1202 222 1241 tatem,
239 1193 349 1244 juxta
371 1195 570 1245 sequentia
591 1194 788 1244 Apostoli,
805 1195 1014 1244 expellitur
1032 1203 1111 1231 tota

91 1255 199 1295 simul
225 1255 419 1305 iniquitas.
442 1260 527 1294 Jam
549 1255 579 1292 si
602 1255 702 1292 hanc
729 1255 974 1302 charitatem,
993 1269 1109 1305 quam

90 1318 206 1367 legem
224 1316 363 1353 Christi
382 1316 484 1353 idem
503 1316 702 1367 apostolus
723 1324 837 1352 vocat
850 1322 876 1361 ²,
892 1316 951 1353 vis
965 1344 974 1361 ,
995 1316 1111 1353 frater

70 1377 364 1420 -ctuniacensis,
387 1377 503 1413 frater
516 1376 794 1421 Cistcrciensis,
807 1376 995 1425 integram
1015 1390 1111 1413 con-

91 1451 257 1485 servare3
280 1438 310 1475 si
328 1451 399 1489 per
415 1438 537 1488 ipsam
559 1438 747 1474 maximos
765 1437 834 1474 tibi
853 1437 1052 1475 thesauros
1070 1438 1109 1474 in

90 1501 181 1538 eoelo
206 1499 439 1546 recondere,
468 1499 500 1536 si
530 1499 754 1537 reconditos
787 1512 1037 1547 conservare;
1061 1499 1109 1537 da

91 1569 205 1599 totam
239 1574 353 1611 quam
381 1560 556 1611 potueris
588 1574 766 1611 operam,
794 1569 832 1597 et
853 1574 1005 1609 causas,
1028 1575 1108 1599 non

90 1622 174 1660 dico
199 1635 291 1659 eam·
310 1622 502 1672 fugantes,
524 1635 604 1659 non
627 1622 713 1659 dico
740 1635 823 1659 eam
853 1623 1104 1673 perimentes,

91 1683 154 1722 sed
181 1684 241 1721 vel
273 1697 411 1734 parum
450 1697 534 1720 eam
565 1683 774 1731 laedentes,
796 1697 817 1721 a
849 1692 884 1720 te
916 1683 1026 1735 abige
1051 1685 1109 1722 :si

90 1744 254 1796 expulsae
281 1744 408 1782 redire
438 1744 650 1790 voluerint,
682 1744 782 1781 firmi
819 1745 988 1795 pectoris
1021 1746 1110 1783 red-

91 1805 264 1845 euntibus
280 1806 420 1843 ostium
443 1805 601 1852 claude,
621 1814 659 1843 et
675 1805 992 1843 cohabitatricem
1011 1820 1104 1844 sem-
1126 1811 1152 1847 C
1173 1809 1247 1848 tius
1280 1812 1430 1862 loquar,
1465 1813 1654 1863 puerilem
1686 1814 1791 1850 illam
1827 1817 2114 1858 aemulationem

90 1866 276 1918 piternam
305 1867 397 1903 totis
426 1874 568 1903 sanctae
596 1866 733 1903 animae
760 1876 834 1903 tuae
863 1867 1105 1917 amplexibus

91 1928 218 1966 retine.
250 1927 475 1967 Sublevabit
502 1937 538 1965 te
563 1929 726 1966 charitas
749 1929 833 1979 ipsa
861 1929 1023 1966 firmiter
1050 1943 1106 1967 re-

91 1998 189 2027 tenta
209 1989 255 2027 ad
284 2003 403 2041 regna
432 1991 643 2037 coelorum,
669 2004 756 2041 quae
784 1990 901 2027 nimia
934 2004 976 2027 ac
1005 1991 1108 2029 dulci

90 2052 126 2089 vi
149 2064 215 2089 sua
240 2051 441 2089 inclinavit
463 2066 586 2103 usque
613 2052 662 2089 ad
689 2061 809 2089 terras
827 2056 970 2102 Regem
994 2053 1108 2090 coelo-

92 2125 186 2150 rum.
214 2112 354 2151 Fidelis
382 2113 473 2151 inde
502 2114 608 2150 testis
633 2122 690 2150 est
717 2114 946 2163 ApostoluS,
978 2113 1109 2152 dicens

79 2173 190 2224 -quod
217 2182 380 2225 propter
397 2174 555 2211 nimiam
577 2174 803 2211 charitatem
828 2174 968 2212 Filium
995 2188 1107 2211 suum

91 2234 230 2272 miserit
257 2239 361 2273 Deus
387 2236 422 2273 in
449 2235 740 2273 similitudinem
768 2235 894 2272 carnis
920 2235 1106 2286 pcccati&

91 2295 279 2334 Gaudebis
308 2298 533 2348 perenniter
564 2310 695 2334 coram
725 2300 808 2333 Deo
836 2296 1043 2343 charitate,
1071 2304 1110 2333 et

90 2357 264 2407 gaudium
286 2367 395 2396 tuum
410 2389 420 2404 ,
445 2359 543 2396 sicut
563 2359 644 2409 ipse
666 2357 867 2408 promisit,
887 2371 1002 2394 nemo
1035 2359 1110 2394 tol-

90 2416 140 2454 let
156 2430 178 2455 a
198 2419 269 2465 te4,
292 2419 450 2469 quando
471 2419 545 2456 erit
563 2423 668 2457 Deus
693 2418 823 2455 omnia
844 2418 883 2454 in
906 2418 1105 2465 omnibus,

90 2479 239 2529 quando
262 2479 460 2518 satiaberis
481 2494 501 2517 a
522 2480 735 2530 longinqua
761 2480 886 2517 esurie
909 2488 995 2527 tua,
1019 2494 1106 2517 cum

90 2539 282 2577 manifesta
308 2541 425 2578 fuerit
444 2541 566 2592 gloria
594 2540 699 2590 ejus;
722 2540 899 2591 quando,
924 2555 1010 2578 cum
1033 2555 1105 2592 ap-

1176 340 1297 387 cium,
1322 354 1471 378 summa
1492 342 1736 392 providentia
1758 346 2013 394 praeparavit,
2034 357 2072 384 et
2095 352 2203 389 velut

1177 401 1335 437 rutilum
1367 401 1471 439 sidus
1499 403 1679 453 exemplo
1721 403 1920 454 verboque
1956 419 2036 443 non
2075 411 2200 449 solum

1178 462 1398 510 monachis,
1420 464 1487 500 sed
1519 473 1557 501 et
1593 464 1663 501 toti
1697 465 1823 502 latinae
1856 467 2035 505 Ecclesiae
2068 482 2202 512 nostro

1178 531 1354 574 tempore
1382 525 1584 574 insigniter
1604 526 1728 562 lucem
1757 526 1915 564 donavit
1938 544 1945 565 ε
1976 539 2111 578 restat,
2138 535 2201 571 in-

1178 597 1316 633 quam,
1340 593 1381 621 ut
1402 594 1545 633 totam,
1568 600 1684 636 quam
1710 588 1934 637 potueritis,
1959 589 2048 628 huic
2069 592 2203 633 divino

1177 647 1286 696 operi
1312 646 1408 684 detis
1430 661 1587 698 operam
1604 678 1613 695 ,
1638 657 1675 684 et
1695 649 1810 686 unius
1831 651 1998 688 nominis
2025 662 2063 690 et
2083 657 2201 694 ΟΝΗ-

1176 707 1235 744 nis
1265 708 1450 746 maximas
1478 710 1797 760 congregationes
1829 724 2073 762 nequaquam
2100 718 2203 756 ultra

1177 768 1361 807 dissidere
1400 770 1610 820 patiamini.
1652 771 1790 809 Studui
1829 785 1899 821 ego
1939 787 2117 826 semper,
2159 789 2202 817 ut

1176 839 1329 867 sanctos
1359 831 1445 868 illos
1478 832 1787 882 congregationis
1818 842 1955 871 vestrae
1992 840 2203 880 monachos

1176 892 1318 929 nostris
1356 892 1536 931 fratribus
1569 893 1881 931 commendarem
1898 925 1906 941 ,
1933 905 1970 933 et
1999 898 2104 948 ipsos
2128 903 2203 942 illis

1176 953 1356 1003 perfectae
1372 954 1518 991 unione
1539 955 1734 991 charitatis
1748 984 1757 1000 ,
1775 955 1805 991 si
1823 956 1904 993 fieri
1919 969 2069 1008 posset,
2088 964 2203 1003 etiam

1128 1013 1155 1047 B
1178 1014 1462 1052 inviscerarem.
1490 1019 1574 1053 Hoc
1600 1015 1779 1066 publice,
1805 1016 1878 1053 hoc
1903 1019 2106 1071 privatim,
2129 1025 2204 1064 hoc

1178 1074 1216 1110 in
1254 1075 1400 1125 magnis
1429 1084 1653 1113 nostrorum
1684 1077 1941 1116 conventibus
1970 1081 2094 1121 facere
2122 1099 2201 1124 non

1178 1136 1354 1184 neglexi,
1377 1145 1415 1173 et
1447 1145 1490 1173 ut
1522 1137 1739 1187 rubiginem
1767 1138 1870 1175 illam
1903 1140 2035 1180 livoris
2066 1155 2103 1183 et
2132 1150 2203 1187 zeli

1179 1198 1383 1245 contrarii,
1405 1212 1492 1248 quae
1518 1199 1705 1236 interiora
1727 1199 1918 1237 viscerum
1946 1203 2110 1245 latenter
2134 1224 2202 1247 ro-

1179 1257 1270 1294 dere
1291 1258 1408 1306 solet,
1432 1258 1630 1296 eraderem
1644 1290 1654 1308 ,
1673 1260 1798 1298 modis
1822 1261 1962 1312 quibus
1982 1269 2118 1316 potui,
2142 1271 2202 1309 la-

1178 1317 1326 1356 boravi.

1234 1381 1462 1418 31.1nstate
1488 1390 1526 1418 et
1557 1395 1649 1428 vos,
1678 1395 1751 1432 pro
1779 1395 1917 1433 magna
1946 1387 2009 1424 illa
2040 1393 2160 1439 gratia
2180 1409 2203 1432 a

1178 1444 1261 1478 Deo
1291 1440 1402 1479 vobis
1435 1443 1597 1488 collata,
1624 1456 1716 1493 agro
1753 1447 1950 1483 communi
1988 1464 1995 1485 :
2030 1460 2072 1487 ut
2104 1454 2204 1493 sicut

1178 1503 1308 1540 nullus
1329 1512 1417 1554 post
1435 1518 1505 1541 vos
1526 1505 1668 1542 nostris
1705 1504 1842 1542 diebus
1873 1508 1986 1557 plura
2023 1513 2130 1551 utilia
2160 1516 2200 1554 in

1176 1563 1245 1601 illo
1275 1565 1467 1615 plantasse
1493 1565 1699 1616 probatur,
1722 1566 1774 1604 ita
1800 1567 1982 1607 laudabili
2011 1575 2139 1613 studio
2165 1587 2203 1615 et

1176 1624 1388 1673 industria,
1409 1640 1524 1664 omne
1546 1628 1634 1664 satis
1657 1627 1816 1665 utilibus
1838 1634 2076 1672 contrarium
2101 1640 2204 1677 avel-

1177 1687 1290 1725 latur.
1322 1689 1514 1739 Expellite
1541 1688 1697 1726 sublimi
1726 1689 1792 1727 illo
1821 1699 1858 1727 et
1884 1705 1930 1729 ex
1957 1696 2100 1745 Spiritu
2131 1702 2204 1739 Dei

1178 1748 1401 1788 flammante
1421 1751 1576 1802 eloquio
1602 1751 1650 1788 ab
1674 1765 1808 1788 eorum
1832 1754 2036 1803 cordibus,
2060 1769 2103 1797 ut
2130 1763 2203 1799 mi—

2137 1853 2146 1869 ,
2179 1839 2200 1861 a

1172 1872 1303 1921 lingua
1325 1874 1630 1911 susurrationem
1657 1889 1664 1911 :
1689 1883 1727 1911 et
1744 1875 1831 1912 loco
1849 1876 2009 1916 istorum
2027 1911 2036 1928 ,
2054 1883 2199 1933 velint,

1175 1933 1329 1981 nolint,
1364 1934 1574 1972 fraternam
1613 1935 1776 1986 ingerite
1814 1935 2076 1980 dilectionem.
2113 1948 2201 1983 Nou

1178 2003 1352 2044 segreget
1371 1996 1471 2032 ultra
1492 2009 1625 2046 greges
1648 2005 1798 2034 vestros
1820 2011 1841 2034 a
1862 2001 2002 2039 nostris
2020 2006 2200 2055 gregibus

1176 2069 1315 2092 usuum
1335 2056 1554 2103 diversitas,
1576 2058 1750 2095 colorum
1771 2060 1936 2098 varietas
1954 2078 1961 2099 :
1978 2065 2043 2101 scd
2062 2080 2080 2103 a
2099 2081 2201 2106 sum-

1177 2130 1238 2153 ma
1270 2118 1418 2154 unitate
1458 2118 1655 2165 derivata,
1688 2129 1873 2171 corrupta
1903 2136 2109 2174 reparans,
2140 2130 2202 2167 di—

1177 2177 1291 2215 scissa
1318 2178 1583 2229 redintegrans
1597 2209 1607 2225 ,
1629 2180 1748 2217 divisa
1770 2182 1967 2222 vivificans
1985 2216 1993 2231 ,
2022 2191 2200 2230 universa

1178 2239 1286 2275 uniat
1309 2239 1488 2276 charitas.
1519 2241 1578 2278 Sic
1604 2241 1738 2291 plane,
1767 2242 1819 2278 sic
1837 2243 1967 2291 dccet,
1992 2257 2033 2285 ut
2055 2251 2197 2300 quibus

1177 2308 1234 2336 cst
1255 2313 1354 2337 unus
1378 2301 1591 2348 Dominus,
1613 2315 1690 2339 una
1712 2302 1824 2351 fides,
1843 2319 1963 2344 unum
1980 2312 2198 2361 Baptisma;

1177 2374 1275 2410 quos
1301 2361 1475 2398 continet
1503 2375 1580 2398 una
1609 2363 1799 2407 Ecclesia,
1829 2379 1927 2414 quos
1957 2380 2087 2408 manet
2123 2387 2200 2412 una

1176 2422 1357 2473 perennis
1375 2431 1412 2459 ct
1433 2422 1544 2459 beata
1569 2423 1670 2470 vita,
1690 2424 1743 2461 eis
1768 2438 1944 2477 quoque,
1963 2429 2076 2478 juxta
2103 2436 2201 2472 Scri-

1174 2492 1353 2533 pturam,
1384 2484 1432 2520 sit
1461 2498 1528 2521 cor
1559 2498 1700 2532 unum,
1733 2494 1769 2522 et
1800 2488 1926 2526 anima
1956 2505 2031 2529 una
2053 2492 2080 2530 ⁵.
2114 2497 2199 2534 Misi

1175 2558 1350 2594 gemmeo
1375 2546 1498 2582 amico
1523 2546 1609 2583 salis
1632 2560 1848 2596 gemmam,
1872 2550 1981 2600 cujus
2007 2568 2197 2606 corpora-

89 2601 273 2650 paruerit,
292 2602 425 2640 similis
445 2602 479 2640 ei
498 2602 594 2649 eris3
614 2610 651 2640 et
670 2615 741 2653 per
760 2602 859 2639 hanc
878 2602 1104 2639 charitatem
1121 2609 1154 2643 D
1176 2606 1249 2642 lem
1279 2620 1391 2643 usum
1425 2606 1536 2643 vobis
1569 2600 1702 2644 utilem
1735 2609 1824 2645 olim
1856 2611 1985 2649 audivi
2002 2644 2010 2661 ,
2030 2624 2066 2652 et
2088 2617 2198 2667 cujus

89 2660 123 2698 ei
141 2663 371 2713 sempiterne
392 2664 524 2700 unitus
539 2692 549 2710 ,
569 2663 719 2701 videbis
739 2677 826 2701 eum
851 2664 960 2710 sicuti
984 2672 1052 2701 est.

139 2722 201 2760 30.
224 2727 309 2761 Jam
334 2724 489 2762 tandem
517 2724 565 2761 ad
594 2738 664 2761 vos
679 2753 688 2770 ,
710 2725 762 2761 mi
788 2724 1026 2771 charissime,
1047 2725 1108 2761 cui

90 2792 252 2830 praesens
276 2783 440 2834 epistola
462 2783 640 2830 mittitur,
665 2784 774 2820 stilus
799 2793 973 2821 recurrat
994 2799 1001 2821 :
1025 2794 1067 2822 ut
1087 2800 1108 2823 a

89 2853 163 2890 quo
183 2845 345 2894 sumpsit
360 2844 514 2882 initium
530 2874 538 2891 ,
559 2845 597 2881 in
616 2845 701 2895 ipso
719 2859 823 2883 suam
846 2846 1016 2883 fortassis
1033 2847 1106 2884 im—

53 2941 55 2948 ,
88 2911 287 2952 portunam
310 2907 572 2956 prolixitatem
604 2907 722 2943 finiat.
747 2909 869 2944 Causa
898 2907 990 2944 mihi
1011 2909 1105 2945 scri-

89 2959 220 3012 bendi,
240 2974 284 3003 ut
315 2967 492 3018 superius
524 2968 722 3019 professus
747 2981 856 3014 sum,
883 2977 975 3005 teste
1009 2983 1105 3006 con-

89 3024 258 3075 scientia,
276 3029 358 3066 sola
388 3042 480 3066 vere
512 3030 676 3066 charitas
704 3029 804 3066 fuit:
828 3038 890 3075 ut,
916 3039 1107 3080 quantum

54 3100 55 3109 ¹
90 3083 136 3120 ad
164 3094 370 3139 utrumque
408 3098 584 3127 nostrum
621 3090 777 3136 attinet,
812 3089 903 3126 flatu
933 3091 1106 3128 collocu-

90 3143 198 3185 tionis
229 3162 312 3187 eam
347 3152 602 3199 recalescere,
636 3160 675 3188 et
710 3152 750 3188 in
787 3152 911 3188 mutui
947 3152 1106 3190 affectus

90 3206 214 3246 solitas
229 3211 290 3247 vel
308 3211 475 3262 maiores
495 3213 669 3250 flammas
692 3226 896 3264 erumpere
913 3227 1103 3263 cogerem.

1175 2667 1379 2717 specialem
1394 2668 1634 2704 intellectum
1655 2671 1924 2721 suprascriptis
1942 2679 2198 2717 necessarium

1176 2742 1257 2765 csse
1278 2730 1423 2779 putavi.
1442 2733 1537 2766 Nam
1562 2730 1773 2779 quamlibet
1789 2733 1931 2771 multos
1953 2745 1989 2772 et
2007 2739 2198 2787 pretiosos

1176 2798 1383 2839 apparatus
1397 2790 1586 2827 virtutum
1605 2804 1760 2828 suarum
1779 2796 1911 2831 aeterni
1929 2798 2042 2847 Regis
2057 2813 2199 2838 mcnsae

1176 2851 1206 2888 si
1227 2851 1308 2888 sine
1325 2851 1483 2888 fraterni
1505 2852 1647 2889 amoris
1665 2854 1741 2890 sale
1762 2854 1984 2905 intulerint,
2004 2868 2046 2896 ut
2064 2861 2199 2900 insulsi

1174 2911 1396 2962 rejicientur
1418 2927 1425 2948 ε
1449 2912 1477 2949 si
1504 2913 1578 2949 hoc
1607 2914 1683 2950 sale
1713 2927 1778 2951 eos
1806 2916 2050 2967 condierint,
2073 2924 2197 2972 ‹pulae

1171 2971 1250 3022 jam
1287 2974 1484 3023 placentes
1520 2988 1608 3010 cum
1646 2975 1901 3014 offerentibus
1931 2979 2195 3022 admittentiu:

1174 3037 1269 3071 Ram
1300 3035 1366 3084 qui
1396 3035 1434 3071 in
1463 3036 1545 3085 lege
1571 3049 1636 3072 sua
1669 3036 1817 3074 nullum
1850 3040 2078 3079 sacrificium
2115 3045 2196 3082 sine

1175 3095 1253 3131 sale
1280 3096 1461 3145 suscipit,
1487 3097 1629 3133 nullius
1659 3111 1800 3135 munus
1833 3100 1986 3139 virtutis
2016 3104 2097 3141 sine
2133 3107 2194 3143 tali

1175 3156 1424 3194 condimento
1445 3157 1516 3195 sibi
1533 3159 1684 3209 placere
1701 3159 1891 3207 ostendit,
1909 3171 1977 3199 etr.

137 3347 146 3362 ¹
170 3346 184 3375 I
200 3345 273 3376 Cer.
289 3357 373 3385 xm,
390 3349 406 3378 4
423 3371 430 3385 ,
452 3351 483 3379 5.
505 3366 544 3380 -,
570 3352 583 3368 ²
602 3347 705 3379 Galat.
724 3359 775 3385 v1,
792 3351 824 3379 2.
846 3366 883 3370 ψ-
910 3346 922 3369 3
943 3351 1036 3379 Rom.
1059 3355 1253 3388 v111,3.——
1272 3352 1285 3377 4
1301 3356 1397 3385 Joan.
1427 3365 1501 3390 xvi,
1537 3358 1592 3385 22.
1615 3373 1659 3376 —
1678 3353 1690 3376 5
1710 3358 1782 3386 Act.
1804 3367 1849 3393 iv,
1871 3360 1926 3387 32.
