2565 3952
121 136 194 174 353

1035 148 1302 185 ΕΡΙ8ΤΟῘ,.Έ.

2144 176 2217 213 354

119 216 180 262 lis,
198 214 263 265 qui
284 223 320 252 et
340 215 378 252 in
401 216 494 262 1100,
519 219 614 254 sicut
642 220 679 256 in
701 220 802 268 aliis,
826 222 983 273 impleat
1010 225 1334 265 vicem'²‘³01unia
1361 231 1506 280 possit,
1531 234 1639 270 facile
1666 236 1806 276 damna
1836 246 2040 294 resarciet,
2060 263 2136 289 non
2160 268 2222 291 so-

118 284 284 313 nostram
310 291 317 313 :
341 285 382 313 ut
411 278 573 315 consilio
592 279 698 329 ejus,
729 283 788 318 vel
822 283 919 320 forte
948 285 1128 333 illorum,
1149 291 1181 325 A
1200 288 1278 325 lum
1319 291 1489 341 integre,
1520 294 1586 330 sed
1617 296 1732 334 etiam
1768 303 1972 341 cumulate.

116 349 212 386 quos
243 336 324 387 ipse
352 350 425 387 pro
449 351 488 375 se
512 339 676 388 miserit,
701 342 731 379 si
760 344 893 381 venire
914 358 992 382 non
1014 355 1130 397 pote-

116 397 187 443 rit,
220 409 371 434 necnon
405 407 442 435 et
486 401 606 450 patris
650 404 766 440 vestri
797 405 984 453 Guariui,
1015 408 1129 445 talem

115 472 317 510 personam
351 461 518 511 eligatis,
555 463 602 500 de
631 479 707 515 qua
740 475 778 504 et
804 471 909 505 Deus
940 469 1130 508 honorem

114 520 272 568 habeat,
297 530 335 558 et
360 537 429 560 vos
455 525 631 563 salutem.
660 531 851 567 Memores
881 532 955 568 mei
984 541 1127 579 estote,

114 581 259 619 fratres.

198 733 206 740 ι
238 732 599 746 αικνιιιιιιιικνικιιιιιωκ
605 738 614 746 ι
620 738 835 749 ινιιινιικνιςιιι
841 742 864 750 ιι
870 742 996 751 νιἏ-κνιιι
1002 743 1041 751 ιιι
1074 744 1084 752 ι

258 847 634 905 EPISTOLA
680 852 967 911 CXLIII?

338 1008 384 1030 AD
405 1008 497 1033 SUOS
521 1010 888 1039 CLARAE-VALLENSES.

102 1125 291 1158 Diuturnam
307 1127 354 1158 sui
374 1128 549 1161 absentiam
573 1139 719 1171 excusat,
738 1134 797 1166 sibi
823 1147 887 1167 non
915 1138 1018 1170 minus
1031 1164 1038 1177 ,
1060 1140 1122 1173 imo

148 1181 246 1224 magis
265 1193 411 1225 gravem,
434 1195 530 1228 quam
551 1187 625 1220 51115.
647 1191 777 1222 Interim
800 1191 939 1225 breviter
955 1205 1008 1226 eos
1028 1194 1123 1228 officii

147 1236 307 1270 admonet.

99 1360 338 1399 charissimis
365 1363 548 1403 fratribus
579 1370 871 1408 emm-Vnus
897 1374 1117 1422 monachis,

152 1425 349 1462 conversis
376 1426 395 1444 *
412 1455 422 1473 ,
466 1429 622 1466 novitiis
639 1459 648 1476 ‚
699 1431 818 1470 frater
860 1438 1090 1474 Bnaxsants
1108 1467 1118 1485 ,

150 1484 318 1535 gaudere
347 1486 388 1524 in
419 1488 589 1527 Domino
619 1503 784 1543 semper.

149 1618 185 1655 1.
215 1621 273 1655 Ex
300 1617 414 1657 vobis
442 1623 672 1673 perpendite
701 1625 795 1675 quid
821 1627 947 1678 patiar
963 1642 1047 1679 eg0.
1076 1630 1115 1669 Si

96 1676 205 1716 vobis
227 1679 389 1717 molesta
418 1690 475 1719 est
501 1682 673 1722 absentia
696 1699 800 1735 mea,
822 1701 938 1726 nemo
965 1689 1116 1728 dubitet

97 1738 188 1776 mihi
214 1753 296 1778 esse
322 1742 598 1783 molestiorem.
622 1749 707 1790 Non
729 1748 832 1786 enim
860 1750 963 1800 paris
981 1749 1113 1800 jactu-

96 1814 164 1849 rae,
193 1814 264 1840 nec
292 1801 466 1852 ejusdem
496 1808 729 1855 gravaminis
751 1819 831 1857 est,
854 1825 915 1849 me
940 1825 1020 1849 uno
1047 1827 1113 1851 ca—

96 1874 178 1899 rere
210 1877 299 1911 vos,
327 1877 468 1915 meque
497 1876 626 1906 vestra
654 1870 905 1910 universitate
941 1873 1108 1912 destitui.

95 1925 166 1960 Tot
201 1937 261 1961 me
299 1938 458 1964 necesse
497 1937 555 1966 est
597 1931 698 1968 affici
745 1933 868 1980 curis,
907 1944 1004 1985 quot
1042 1950 1111 1974 vos

95 1984 201 2032 estis;
228 1994 266 2023 et
289 1986 338 2023 ad
369 1988 541 2039 singulos
569 2004 747 2043 quosque
773 2003 946 2033 vestrum
978 1996 1109 2035 dolere

94 2043 326 2094 absentiam,
359 2049 497 2088 timere
524 2053 709 2103 pericula.
740 2057 895 2106 Duplex
926 2059 1109 2097 contritio

70 2106 162 2148 *ista
180 2121 258 2145 non
277 2123 338 2147 me
359 2110 529 2160 deseret,
552 2127 756 2166 quousque
778 2118 872 2155 meis
895 2119 1108 2158 visceribus

91 2181 160 2220 ego
187 2170 327 2209 reddar
349 2187 357 2210 :
380 2173 487 2223 quod
517 2175 675 2225 quidem
707 2186 745 2214 et
770 2192 840 2216 vos
871 2181 1014 2219 sentire
1035 2196 1107 2233 pro

91 2243 149 2268 me
165 2244 243 2269 non
265 2233 439 2285 ambig03
463 2235 530 2273 sed
546 2250 617 2287 ego
635 2252 737 2276 unus
757 2252 853 2278 sum.
874 2241 993 2279 Vobis
1014 2256 1106 2294 ergo

91 2303 186 2339 una,
209 2293 303 2331 mihi
330 2295 533 2346 multiplex
563 2297 754 2336 incumbit
780 2301 958 2339 tristandi
984 2304 1103 2350 ratio,

89 2360 220 2403 utpote
242 2368 316 2405 pro
337 2356 519 2395 omnibus
544 2358 669 2397 vobis.
689 2364 768 2398 Nec
789 2362 915 2400 solum
939 2365 1104 2413 cruciat,

88 2413 190 2462 quod
210 2414 356 2466 absque
372 2417 484 2456 vobis
501 2420 561 2456 vel
583 2420 631 2457 ad
653 2429 804 2473 tempus
824 2424 955 2461 vivere
973 2439 1103 2476 cogor,

87 2473 166 2512 sine
195 2476 336 2526 quibus
367 2487 405 2516 et
433 2493 594 2531 regnare
628 2483 807 2520 miseram
836 2485 930 2522 mihi
962 2496 1103 2538 reputo

87 2535 308 2575 servitutem
329 2553 338 2576 :
359 2540 427 2578 sed
453 2541 569 2579 etiam
589 2543 697 2593 quod
718 2546 865 2583 versari
887 2549 1103 2598 compellor

2013 311 2086 345 Pro
2102 321 2219 352 nerea

1197 349 1304 387 bono
1326 353 1455 390 animo
1477 355 1596 393 simus
1611 386 1620 404 ‚
1644 361 1768 396 Deum
1791 361 1974 403 habentes
1995 324 2192 411 nobilscum
2208 405 2216 421 ,

1198 411 1237 448 in
1270 427 1349 463 quo
1371 424 1409 452 et
1436 416 1545 454 vobis
1574 430 1783 469 praesentes
1799 436 1928 462 sumus
1943 455 1952 471 ,
1972 433 2218 477 quantislibet

1199 482 1389 513 terrarum
1408 478 1539 528 spatiis
1560 479 1673 518 divisi
1692 496 1712 519 a
1733 483 1844 522 vobis
1862 487 2062 527 videamur
2074 491 2102 529 Β.
2127 498 2219 543 Qui-

1197 547 1364 585 cumque
1385 536 1424 572 in
1448 536 1558 575 vobis
1575 537 1673 576 bene
1691 542 1907 581 officiosum
1932 558 1970 583 se
1999 549 2125 599 ipsum
2151 568 2221 591 ex—

1198 593 1305 632 hibet
1318 625 1327 643 ,
1349 596 1534 635 humilem
1548 628 1558 646 ‚
1577 600 1800 641 timoratum
1813 635 1822 652 ‚
1842 607 2057 647 studiosum
2088 613 2222 652 lectio—

1198 655 1256 693 nis
1273 685 1282 702 ,
1322 658 1565 697 orationibus
1600 662 1754 712 vigilem
1769 693 1778 710 ,
1816 666 1994 706 fraternae
2028 671 2221 712 charitatis

1197 717 1428 767 sollicitum5
1457 734 1536 758 non
1570 736 1630 760 me
1659 733 1770 774 putet
1797 726 1994 767 absentem
2016 732 2100 770 sibi.
2123 739 2216 774 Nam

1195 780 1396 828 quomodo
1415 782 1449 818 ei
1469 796 1641 833 praesens
1659 787 1798 836 spiritu
1817 802 1895 826 non
1915 804 2017 841 511111,
2037 808 2121 832 011111
2141 811 2218 847 quo

1195 848 1250 877 est
1277 842 1371 879 mihi
1401 857 1468 881 cor
1489 858 1630 894 unum,
1652 856 1690 884 et
1711 849 1838 887 anima
1860 854 1961 889 una?
1982 855 2019 892 Si
2039 858 2124 906 quis
2145 873 2216 897 au-

1191 909 1267 937 tem
1286 916 1443 941 susurro
1462 904 1594 956 (quod
1622 907 1749 961 absit)
1780 912 1907 950 existit
1927 914 2027 953 inter
2045 931 2132 966 vos,
2153 931 2217 958 aut

1190 961 1372 1014 bilinguis
1388 995 1397 1011 ,
1424 975 1490 1003 aut
1517 981 1784 1019 murmurans,
1807 984 1873 1011 aut
1895 986 2126 1026 contumax,
2149 992 2215 1019 aut

1143 1023 1172 1057 B
1191 1023 1395 1075 impatiens
1417 1027 1648 1080 disciplinae,
1665 1042 1730 1070 aut
1750 1034 1947 1085 inquietus
1965 1048 2002 1076 et
2019 1053 2137 1091 vagus
2150 1073 2159 1090 ,
2178 1054 2215 1082 et

1190 1086 1257 1135 (1111
1286 1100 1425 1137 panem
1461 1090 1606 1129 otiosus
1640 1095 1843 1133 comedere
1874 1112 1953 1135 non
1989 1102 2214 1153 erubescat3

1191 1146 1280 1184 111110
1317 1149 1430 1187 etiam
1469 1152 1499 1188 si
1530 1166 1695 1204 corpore
1731 1169 1901 1207 praesens
1928 1175 2067 1210 essem,
2100 1166 2213 1217 longe

1190 1216 1290 1244 esset
1321 1209 1369 1246 ab
1395 1224 1440 1248 eo
1475 1213 1602 1250 anima
1633 1229 1737 1263 mea,
1774 1233 1820 1255 eo
1850 1222 1956 1270 quod
1986 1224 2066 1274 ipse
2099 1228 2213 1279 longe

1191 1268 1323 1306 fecerit
1348 1284 1369 1307 a
1396 1285 1434 1308 se
1462 1276 1612 1322 Deum,
1642 1290 1819 1326 morum,
1847 1294 1926 1319 non
1948 1283 2122 1324 locorum
2151 1288 2211 1326 di-

1189 1330 1341 1367 stantia.

1242 1391 1278 1428 3.
1303 1393 1487 1440 Interim,
1515 1396 1671 1443 fratres,
1701 1399 1791 1436 dum
1814 1404 1948 1451 venio,
1970 1408 2110 1445 servite
2132 1412 2213 1447 Do-

1187 1451 1293 1489 mino
1314 1453 1353 1489 in
1374 1454 1532 1503 timore,
1560 1466 1603 1494 ut
1633 1460 1714 1497 sine
1743 1462 1880 1501 timore
1907 1467 2142 1519 quandoque
2165 1471 2212 1508 de

1185 1525 1303 1550 manu
1332 1514 1581 1555 inimicorum
1611 1530 1827 1560 vestrorum
1858 1524 2008 1564 liberati
2037 1531 2210 1570 serviatis

1182 1572 1250 1610 illi.
1273 1575 1421 1612 Servite
1442 1576 1482 1613 in
1502 1591 1570 1629 spe
1585 1608 1594 1625 ‚
1618 1582 1803 1630 quoniam
1825 1585 1948 1624 fidelis
1968 1597 2024 1625 est
2050 1590 2090 1627 in
2112 1605 2207 1642 pro-

1183 1634 1308 1673 missis
1327 1651 1335 1673 :
1355 1638 1496 1676 servite
1517 1653 1565 1676 ex
1582 1643 1722 1680 merito
1735 1673 1744 1691 ,
1764 1646 1853 1695 quia
1872 1649 2015 1687 multus
2034 1651 2073 1688 in
2095 1654 2211 1691 meri-

1184 1695 1230 1733 tis
1249 1705 1319 1735 est.
1340 1701 1436 1736 Nam
1459 1701 1530 1738 etsi
1555 1711 1692 1741 caetera
1714 1713 1879 1754 taceam,
1906 1709 1980 1747 hoc
2001 1713 2083 1749 solo
2105 1723 2207 1752 certe

1182 1771 1262 1795 non
1297 1759 1494 1800 immerito
1528 1764 1648 1802 vitam
1684 1766 1756 1804 sibi
1796 1770 1967 1811 vindicat
2000 1783 2171 1812 nostram
2198 1807 2207 1823 ,

1132 1821 1159 1857 C
1181 1820 1288 1869 quod
1306 1835 1379 1872 pro
1397 1836 1440 1860 ea
1460 1824 1628 1875 praebuit
1650 1840 1771 1866 suam.
1788 1834 1910 1869 Nemo
1930 1833 2046 1883 igitur
2062 1835 2132 1873 sibi
2152 1837 2209 1874 vi—

1178 1889 1262 1928 vat,
1285 1882 1351 1919 sed
1372 1884 1405 1920 ei
1427 1885 1494 1934 qui
1515 1899 1588 1936 pro
1612 1901 1651 1924 se
1679 1899 1854 1929 mortuus
1881 1902 1937 1930 est
1953 1901 1976 1931 ¹.
2007 1897 2075 1933 Cui
2101 1899 2203 1937 enim

1173 1940 1317 1991 justius
1334 1944 1485 1992 vivam,
1508 1961 1624 1997 quam
1641 1947 1695 1996 ei,
1717 1952 1784 2001 qui
1805 1953 1834 1989 si
1863 1967 1941 1991 non
1972 1967 2203 2005 moreretur,

1178 2015 1249 2052 ego
1271 2017 1350 2041 non
1372 2006 1571 2045 viverem?
1595 2010 1657 2046 cui
1677 2013 1921 2052 commodius
1935 2045 1944 2061 ,
1968 2030 2084 2067 quam
2106 2033 2202 2070 pro-

1177 2064 1345 2102 mittenti
1362 2067 1480 2105 vitam
1501 2073 1712 2108 aeternam?
1732 2074 1793 2110 0111
1820 2076 1939 2126 magis
1966 2091 2013 2114 ex
2037 2082 2202 2118 necessi—

1177 2133 1273 2173 tate,
1296 2140 1413 2177 quam
1446 2129 1620 2168 flammas
1650 2143 1858 2184 perpetuas
1883 2138 2100 2177 minitanti?
2129 2142 2201 2179 Sed

1176 2188 1303 2224 servio
1320 2189 1563 2237 voluntarie,
1586 2193 1675 2242 quia
1700 2194 1864 2234 charitas
1885 2197 2100 2237 libertatem
2125 2202 2198 2239 do-

1174 2256 1253 2285 nat.
1276 2252 1361 2286 Huc
1384 2264 1558 2301 provoco
1579 2254 1727 2292 viscera
1743 2270 1838 2294 mea.
1866 2260 2013 2297 Servite
2036 2261 2075 2298 in
2103 2262 2195 2300 cha-

1175 2309 1287 2347 ritate
1312 2311 1395 2359 illa,
1417 2326 1503 2362 quae
1531 2315 1710 2353 timorem
1732 2320 1913 2368 expellit,
1944 2320 2096 2360 labores
2119 2338 2197 2362 non

1174 2372 1312 2419 sentit,
1344 2374 1527 2411 meritum
1557 2389 1637 2413 non
1668 2377 1859 2426 intuetur,
1884 2383 2087 2431 praemium
2116 2399 2195 2422 non

1172 2433 1358 2482 requirit3
1382 2442 1420 2470 et
1442 2443 1571 2472 tamen
1597 2437 1685 2487 plus
1709 2440 1889 2478 omnibus
1914 2451 2036 2492 urget.
2061 2445 2196 2483 Nullus

1172 2500 1299 2530 terror
1319 2494 1372 2531 sic
1390 2495 1592 2543 sollicitat,
1618 2499 1724 2535 nulla
1746 2501 1905 2549 praemia
1930 2502 1983 2538 sic
2004 2503 2192 2552 invitant,

1170 2554 1275 2591 nulla
1288 2554 1437 2605 justitia
1456 2557 1510 2594 510
1533 2558 1662 2608 exigit.
1686 2563 1774 2610 Ipsa
1794 2575 1863 2599 vos
1881 2563 1975 2600 mihi
1990 2564 2191 2615 insepara-

85 2593 125 2632 in
150 2595 229 2646 hiS,
257 2612 344 2649 quae
374 2602 536 2640 amicam
568 2605 738 2655 quietem
758 2608 920 2644 omnino
936 2607 1100 2659 'pertur-
1120 2617 1153 2651 D
1168 2613 1457 2667 biliterjungat,
1469 2618 1552 2668 ipsa
1568 2632 1628 2656 me
1639 2619 1908 2673 x'obisjugitel'
1924 2635 2190 2675 repraesentet,

85 2652 178 2694 bant
191 2685 202 2704 ,
226 2667 265 2696 et
284 2673 371 2698 meo
397 2665 602 2714 proposito
628 2667 757 2705 minus
779 2668 941 2707 fortasse
963 2684 1102 2710 conve-

86 2716 208 2757 niunt.

138 2779 173 2817 2.
202 2784 294 2820 Haec
314 2785 499 2834 scientes,
521 2801 641 2826 morae
661 2803 757 2827 meae
772 2820 782 2837 ‚
804 2806 889 2842 quae
907 2807 1002 2831 meae
1020 2808 1100 2832 non

85 2847 140 2876 est
171 2843 407 2894 voluntatis,
441 2847 508 2885 sed
539 2849 804 2889 ecclesiasticae
837 2856 1098 2903 necessitatis,

85 2911 162 2938 non
180 2914 334 2954 oportet
352 2921 423 2946 vos
441 2909 654 2960 indignari,
676 2912 743 2949 sed
765 2915 945 2965 compati.
975 2919 1097 2967 Spero

85 2969 208 3000 autem
235 2968 342 3016 quod
368 2982 448 3007 non
468 2971 543 3008 erit
562 2972 677 3023 longa
702 2989 710 3011 :
732 2987 802 3012 vos
822 2984 929 3014 orate
954 2986 998 3014 ut
1018 2992 1096 3016 non

84 3020 131 3058 sit
155 3022 405 3068 infructuosa.
432 3032 675 3071 Detrimenta
706 3048 794 3084 quae
819 3036 975 3074 interim
997 3038 1096 3077 forte

83 3083 320 3136 contingent,
353 3092 617 3131 emolumenta
638 3104 881 3146 reputentur,
910 3099 1095 3148 quoniam

81 3142 183 3182 Deus
212 3146 252 3184 in
280 3163 393 3189 causa
416 3161 474 3190 est
498 3169 506 3191 :
538 3155 716 3205 quicum
743 3157 791 3195 sit
818 3157 1029 3209 benignus,
1057 3169 1095 3197 et

130 3286 141 3303 ¹
155 3285 186 3314 11
201 3286 272 3318 Cor.
289 3299 321 3326 ν,
343 3291 395 3322 15.

127 3334 144 3359 ¹³
161 3345 211 3377 Sic
227 3347 335 3392 Tiraq.
354 3351 451 3394 Apud
468 3355 576 3386 Horst.
595 3361 626 3386 et
641 3355 768 3387 Mabill.
791 3355 1000 3401 quantislibet
1015 3364 1171 3389 terrarum
1188 3359 1301 3404 spatiis
1316 3358 1406 3391 dirisi
1422 3372 1441 3391 α
1462 3360 1553 3393 nobis
1568 3362 1750 3394 videamur.

236 3427 326 3452 Toxi.
358 3431 383 3454 l.

1169 2675 1274 2714 horis
1295 2678 1461 2715 maxime
1481 2679 1623 2728 quibus
1643 2683 1760 2720 oratis
1773 2713 1782 2730 ,
1804 2684 2014 2723 charissimi
2030 2696 2068 2724 et
2085 2688 2188 2726 desi-

1169 2736 1399 2776 deratissimi
1418 2740 1565 2778 fratres.

1200 3303 1215 3319 3
1232 3299 1354 3341 Scripta
1368 3300 1450 3332 circa
1464 3311 1582 3333 annum
1601 3306 1612 3334 1
1625 3306 1700 3335 135.

1961 3364 2022 3404 (N.
2040 3365 2097 3405 E.)

1947 3431 1957 3464 1
1971 3430 1992 3465 2
