2517 3936
64 208 159 246 1185

577 209 721 242 LIBER
751 210 814 243 DE
845 210 1112 247 PRAECEPTo
1145 214 1203 247 ET
1234 215 1624 254 DISPENSJx'l‘loxss.

2041 231 2134 266 11:5⁴3

59 286 222 324 maxima
243 293 350 330 sunt,
375 284 509 321 intimo
525 283 691 333 quodam
710 285 838 322 devoti
855 287 1362 337 sincerique⁵⁰⁶damnabilis
1382 300 1449 328 est.
1485 293 1674 331 misserunt
1707 307 1850 345 aulem,
1880 304 1981 351 quud
2016 309 2137 342 ῃρηι..-

57 347 173 384 animi
193 358 331 396 sapore
355 345 598 390 discernens,
629 344 770 393 quibus
804 346 851 382 de
881 348 1067 384 mandatis
1089 353 1114 385 Λ
1135 357 1217 386 ctus
1233 350 1387 399 quidem
1407 357 1419 372 ³
1444 352 1603 402 languor
1625 354 1769 392 iuvi-{ize
1794 369 1847 394 est
1862 389 1870 405 ‚
1898 338 2138 416 cont‹·1iilit11s

56 408 90 445 ei
111 407 176 458 qui
193 414 332 457 praeest
347 435 357 452 ,
379 405 457 442 suis
476 404 765 455 quodammodo
785 406 890 444 factis
912 421 1069 458 respon-

57 468 143 505 deat
166 480 251 504 cum
272 466 463 516 propheta
486 480 493 502 ε
523 466 575 501 Ta
593 467 782 501 mandasti
799 470 984 504 mandata
1005 477 1069 504 tua

57 528 238 564 custodiri
263 527 376 562 nimis
392 532 418 562 ¹.
444 524 517 563 Ubi
538 525 628 574 quia
657 538 734 562 non
753 526 845 562 dicit
868 528 1068 565 universa—

57 589 141 626 liter
158 587 310 634 onmia,
338 587 402 623 illa
424 594 571 623 tantum
596 594 751 636 oportet
771 587 953 636 intelligi,
983 602 1069 638 quae

22 691 25 693 ,
56 650 236 699 quoniam
256 659 334 684 non
356 647 438 701 sine
459 645 594 696 grandi
610 647 722 696 culpa
737 660 980 697 quacumque
1002 662 1069 685 oc-

56 707 206 745 casione
227 707 436 753 violantur,
461 706 548 743 ideo
580 719 658 743 non
689 706 770 743 sine
799 707 934 756 grandi
956 721 1070 757 poena

56 767 420 819 quomodocumque
452 766 596 803 violata
631 765 845 812 donantur3
875 775 916 803 ut
949 775 1068 817 puta,

57 828 139 864 Non
160 829 319 874 oct-Ides,
335 835 374 864 et
393 827 423 864 si
441 840 516 876 qua
531 825 754 875 hujusmodi
771 835 861 863 sunt
879 841 887 863 :
903 823 1070 876 quorum

56 901 252 938 nunquam
293 895 422 938 potest
459 899 540 923 esse
574 886 794 924 observatio
835 885 975 936 injusta
1011 887 1071 923 vel

56 948 176 996 mala;
199 961 397 998 nunquam
420 946 523 984 bona
547 947 697 984 licitave
728 947 976 997 transgressio
998 947 1070 984 dis·

54 1008 280 1059 pensatione
302 1007 489 1045 duntaxat
508 1007 689 1045 humana.

388 1133 571 1173 CAPUT
602 1134 717 1174 VIII.

117 1257 251 1291 Gravius
266 1257 390 1300 peccari
404 1257 509 1299 legum
526 1263 709 1300 contemptu
719 1281 727 1295 ‚
744 1267 839 1299 quam
853 1257 1008 1300 neglectu.

105 1371 168 1408 17.
187 1373 333 1409 Caetera
350 1383 436 1421 quae
456 1370 515 1407 vel
537 1383 559 1406 a
578 1369 795 1420 praepositis
817 1369 1071 1421 dispensatio-

52 1444 139 1469 nem
171 1431 398 1478 admittunt,
429 1430 519 1480 quia
551 1430 686 1467 leviori
714 1443 877 1467 censura
899 1431 1071 1480 neglecta

51 1491 287 1544 puniuntur,
304 1491 451 1528 leviora
467 1490 662 1527 dicuntur.
681 1493 736 1527 Ex
758 1490 816 1527 his
828 1519 838 1536 ‚
859 1489 967 1528 verbi
984 1504 1071 1540 gra—

52 1552 102 1589 tia
117 1580 127 1599 ,
149 1551 236 1588 dico
257 1564 339 1588 esse
358 1551 419 1587 vel
450 1550 568 1588 risum
594 1549 861 1597 interdictum,
878 1550 938 1586 vel
965 1550 1070 1586 indi-

51 1620 156 1649 ctum
176 1612 384 1649 silentium.
406 1614 497 1648 Haec
513 1610 703 1660 siquidem
718 1611 749 1647 si
767 1619 900 1647 contra
916 1610 1071 1648 manda-

52 1679 133 1709 tum
160 1685 240 1709 non
260 1672 436 1716 veniunt,
459 1684 530 1708 nec
551 1679 704 1721 peccata
727 1680 829 1708 sunt.
851 1671 1069 1709 Accedente

51 1731 252 1779 mandato,
290 1732 321 1769 si
351 1732 560 1782 quominus
593 1730 674 1781 jain
715 1731 993 1780 observantur,
1030 1733 1069 1770 in

50 1801 248 1844 peccatum
266 1799 515 1843 reputantur,
532 1805 611 1828 non
630 1800 757 1829 tamen
773 1792 812 1828 in
831 1793 999 1839 crimen;
1020 1793 1070 1830 ita

1137 422 1227 444 vero
1265 409 1454 459 superbiae
1491 420 1629 449 tumor.
1673 418 1791 451 Porro
1827 429 2065 472 contemptus
2101 427 2136 462 in

1136 469 1240 504 omni
1261 470 1385 518 specie
1411 471 1676 509 mandatorum
1705 476 1786 523 pari
1806 480 1974 526 pondere
1996 487 2137 532 gravis,

1138 537 1176 564 ct
1192 531 1447 567 communiter
1465 532 1689 569 damnabilis
1707 544 1784 572 est:
1804 539 1994 587 neglectus
2014 553 2136 582 autem

1135 588 1173 624 in
1198 589 1279 625 fixis
1296 591 1466 639 gravior,
1491 592 1725 629 tolerabilior
1744 595 1781 630 in
1810 596 2012 636 mobilibus
2032 615 2138 639 man-

1138 648 1245 686 datis.
1268 650 1460 699 Siquidem
1483 650 1710 689 adulterium
1733 668 1974 707 quocumque
2003 662 2137 705 modo,

1137 722 1382 760 quocumque
1410 720 1607 762 perpetres
1639 715 1784 762 animo,
1815 725 1924 768 turpe
1959 721 2138 771 flagitium

1138 777 1212 813 est,
1234 784 1276 806 ac
1304 772 1498 809 criminale
1527 782 1724 823 peccatum
1749 791 1755 812 :
1787 790 1872 814 cum
1904 787 2028 818 tamen
2062 785 2142 821 lev(-

1138 829 1298 866 verbum
1316 860 1325 876 ,
1345 831 1383 868 in
1411 840 1583 883 tempore
1604 836 1662 871 vel
1685 836 1769 872 loco
1797 837 1934 876 silentii
1955 841 2050 879 fort(¹
2074 858 2141 894 per

1140 889 1375 928 oblivionem
1410 892 1656 944 subreptum,
1690 896 1833 934 risusve
1857 912 1926 948 per
1955 900 2140 952 impetum

1137 951 1253 1001 magis
1271 966 1470 1000 excussus,
1486 968 1599 1004 quam
1621 966 1876 1007 praesumptus
1890 970 2022 998 contra
2043 977 2141 1013 prze-

1137 1021 1288 1061 ceptum
1312 1013 1430 1063 (quod
1450 1016 1585 1065 utique,
1597 1017 1709 1054 animi
1726 1019 1968 1069 negligentis,
1986 1033 2050 1061 aut
2067 1025 2141 1062 dis-

1091 1077 1117 1109 B
1136 1073 1251 1108 soluti
1268 1074 1422 1122 spiritus
1439 1074 1619 1112 indicium
1638 1077 1721 1127 estJ,
1739 1091 1784 1114 eo
1801 1079 1974 1119 facillime
1990 1084 2139 1122 veniam

1137 1141 1423 1181 promereatur,
1445 1148 1522 1183 quo
1548 1136 1608 1171 vix
1628 1137 1687 1172 vel
1709 1146 1905 1186 peccatum
1928 1151 2138 1191 reputatur.

1137 1193 1255 1241 Quid,
1272 1194 1376 1243 quod
1392 1195 1553 1232 scienter
1568 1205 1604 1233 et
1621 1210 1665 1233 ex
1682 1198 1954 1238 deliberatione
1970 1203 2008 1239 in
2025 1204 2142 1242 verba

1138 1254 1280 1301 otiosa,
1302 1254 1451 1291 silentio
1472 1255 1560 1293 licet
1588 1271 1665 1293 non
1687 1258 1853 1305 indicto,
1882 1262 2008 1311 lingua
2036 1265 2140 1302 laxa-

1139 1315 1226 1350 tur?
1247 1315 1433 1364 numquid
1454 1316 1526 1352 hoc
1547 1325 1670 1353 tamen
1696 1328 1807 1367 neget
1823 1321 2010 1371 quispiam
2031 1338 2143 1361 usur-

1137 1374 1221 1424 pari
1239 1383 1371 1411 contra
1389 1377 1558 1425 regulam
1574 1378 1773 1415 Veritatis?
1788 1381 1888 1418 unde
1907 1383 2085 1421 nimirum
2108 1394 2145 1421 et

1139 1434 1234 1471 ratio
1256 1435 1443 1484 exigenda
1457 1444 1513 1473 est
1530 1436 1569 1472 in
1592 1437 1720 1474 futuro
1735 1437 1900 1487 judicio,
1914 1441 2047 1480 Judice
2061 1444 2144 1494 ipso

1139 1495 1303 1532 terrifice
1330 1495 1538 1533 admodum
1569 1498 1825 1537 comminante
1838 1529 1847 1546 ‚
1865 1501 1955 1550 quia
1975 1503 2022 1540 de
2042 1506 2146 1541 omni

1137 1555 1258 1593 verbo
1281 1556 1406 1593 otioso
1433 1557 1596 1594 reddent
1621 1558 1794 1596 homines
1818 1562 2005 1599 rationem
2025 1564 2063 1600 in
2086 1564 2145 1601 die

1131 1614 1269 1665 judicii
1291 1614 1318 1653 3.
1341 1620 1425 1653 Heu
1446 1616 1573 1653 nobis!
1599 1631 1773 1667 quaenam
1794 1621 1936 1669 poterit
1955 1622 2063 1660 reddi
2083 1637 2144 1660 ra—

1138 1676 1191 1713 tio
1225 1676 1272 1713 de
1304 1676 1408 1713 otio?
1437 1677 1618 1727 Alioquin
1646 1679 1766 1715 otium
1796 1693 1873 1716 non
1903 1690 1975 1728 est,
2005 1683 2034 1719 si
2065 1697 2142 1720 non

1137 1737 1296 1774 omnino
1320 1737 1467 1773 ratione
1483 1751 1644 1774 vacuum
1672 1747 1739 1775 est.
1761 1742 1807 1776 Et
1824 1748 1948 1777 tamen
1972 1743 2055 1792 quis
2073 1757 2142 1780 ne—

1137 1797 1229 1834 sciat
1244 1810 1364 1834 unum
1383 1797 1629 1834 detractionis
1646 1798 1820 1846 verbum,
1835 1810 2017 1849 quantum
2032 1804 2144 1841 etiam

50 1866 160 1900 sane,
180 1853 211 1890 si
230 1866 301 1903 per
320 1851 613 1903 subreptionem
629 1861 694 1889 aut
711 1851 945 1889 oblivionem
960 1883 969 1899 ‚
991 1866 1070 1889 non
1092 1858 1120 1894 C
1138 1857 1352 1894 innumeris
1376 1856 1532 1903 talibus,
1561 1857 1598 1893 id
1620 1866 1675 1894 est
1701 1859 1854 1905 otiosis,
1877 1863 2148 1912 praeponderet

51 1922 177 1951 autem
215 1926 286 1964 per
327 1921 593 1963 contemptum
635 1913 776 1950 horum
820 1914 1069 1963 transgressio

51 1973 266 2024 contigerit.
303 1973 430 2011 Media
466 1973 612 2024 quippe
643 1982 754 2020 sunt,
784 1987 804 2011 e
836 1973 977 2023 quibus
1006 1974 1071 2011 illa

50 2034 228 2072 videlicet
254 2042 449 2085 praecepta
474 2034 786 2080 constituuntur,
812 2047 897 2084 quae
919 2047 988 2071 vos
1016 2034 1071 2071 fa-

50 2095 156 2132 ctitia
170 2095 377 2133 nominatis
390 2124 400 2142 ,
421 2095 535 2145 longe
555 2094 685 2144 utique
704 2094 896 2145 disparem
916 2108 938 2131 a
959 2103 1071 2132 natu-

51 2155 214 2202 talibus,
237 2163 423 2205 quantum
446 2154 485 2191 in
508 2155 601 2205 ipsis
617 2162 694 2200 est,
718 2154 890 2204 gerentia
906 2155 1072 2192 necessi-

53 2223 167 2253 tatem
185 2230 194 2253 :
213 2228 300 2252 cum
326 2223 453 2252 tamen
472 2228 543 2251 nec
561 2215 641 2252 sine
660 2214 807 2252 offensa
823 2215 982 2265 negligi,
1001 2228 1072 2252 nec

52 2276 248 2315 contemni
276 2275 358 2313 sine
378 2275 539 2312 crimine
556 2275 616 2311 vel
638 2275 720 2325 ipsa
746 2284 911 2325 queant,
938 2274 1071 2325 injun-

52 2344 112 2374 cta
141 2336 190 2374 ab
222 2336 280 2373 his
319 2335 505 2373 duntaxat
537 2335 678 2385 quibus
714 2336 872 2386 proprie
911 2335 1069 2380 dicitur,

58 2398 133 2445 Qui
161 2411 228 2434 vos
260 2399 390 2441 audit,
415 2411 474 2433 me
501 2399 627 2441 audit;
648 2406 684 2433 et
711 2401 778 2446 (μα’
804 2410 870 2432 vos
901 2401 1068 2446 spernit,

53 2471 113 2495 me
128 2463 272 2508 spernit
293 2464 320 2495 ².
343 2458 450 2496 Licet
469 2471 635 2508 namque
658 2458 740 2508 ipsa
758 2471 828 2508 per
848 2471 887 2495 se
907 2458 1071 2508 injuncti

53 2520 180 2570 operis
200 2518 361 2570 qualitas
386 2518 546 2556 innoxia
565 2519 630 2566 sit;
648 2518 838 2569 adjunctae
856 2527 983 2555 tamen
1001 2532 1070 2556 au-

53 2579 239 2617 ctoritatis
262 2578 420 2630 pondus
439 2578 653 2616 obnoxium
683 2578 866 2615 mandato
883 2608 893 2624 ,
913 2578 1068 2616 manda-

1138 1918 1185 1955 ad
1223 1918 1405 1955 delictum
1446 1918 1701 1968 meritumque
1736 1919 2016 1959 damnationis?
2046 1924 2145 1971 Quid

1138 1979 1216 2015 ita?
1244 1978 1430 2016 Videlicet
1461 1979 1550 2029 quia
1582 1979 1758 2016 discretio
1785 1989 1840 2018 est
1873 1981 1911 2018 in
1943 1983 2146 2030 mandatis,

1139 2048 1421 2090 consequenter
1445 2048 1481 2076 ct
1509 2040 1547 2076 in
1576 2040 1697 2090 culpis
1723 2055 1730 2076 :
1752 2048 1793 2077 ut
1822 2041 1934 2091 (sicut
1961 2042 2145 2081 dixeram?

1139 2099 1329 2150 majorum
1348 2100 1512 2150 gravior,
1530 2100 1727 2150 leviorque
1744 2101 1932 2138 minorum
1948 2112 2146 2140 censeatur

1141 2161 1389 2211 transgressio
1414 2159 1694 2197 mandatorum.

1501 2279 1677 2317 CAPUT
1707 2280 1779 2318 IX.

1288 2403 1418 2434 Frselato
1439 2408 1584 2445 tanquam
1603 2405 1668 2433 Deo
1689 2401 1898 2433 obedjendum
1917 2413 1993 2433 esse.

1193 2515 1252 2552 19.
1271 2515 1343 2553 Sed
1358 2514 1619 2551 mandantium
1636 2527 1712 2550 non
1726 2516 1788 2550 ita.
1806 2514 1891 2552 Sive
1906 2514 2007 2551 enim
2022 2519 2139 2561 Deus,

1135 2576 1214 2613 sive
1239 2576 1355 2612 homo
1375 2576 1535 2612 vicarius
1558 2575 1648 2620 Dei,
1675 2573 1895 2610 mandatum
1926 2574 2140 2623 quodcum-

55 2647 211 2691 tumque
245 2648 404 2691 peccato
437 2639 650 2677 obnoxium
681 2639 788 2686 facit,
819 2653 899 2676 non
930 2653 1069 2690 magno
1086 2645 1120 2679 D
1138 2649 1212 2686 que
1231 2635 1448 2681 tradiderit,
1465 2634 1546 2685 pari
1572 2633 1745 2683 profecto
1766 2632 2055 2682 obsequendum
2085 2642 2141 2671 est

54 2707 178 2738 tamen
189 2730 200 2747 ,
220 2701 251 2738 si
266 2708 511 2750 contemptus
525 2699 700 2737 defuerit.

110 2763 168 2800 18.
193 2766 284 2800 Haec
311 2774 402 2811 ergo
430 2761 617 2811 generalis
642 2762 772 2811 regula
798 2761 846 2798 sit
871 2761 1070 2797 universo-

55 2834 138 2858 rum
152 2851 162 2869 ,
180 2835 265 2872 quae
282 2835 352 2872 per
371 2834 411 2858 se
424 2850 433 2867 ,
456 2829 522 2858 aut
537 2829 698 2871 propter
714 2834 754 2858 se
775 2834 844 2858 nec
861 2820 980 2868 bona,
999 2834 1069 2858 nec

56 2881 153 2918 mala
173 2889 283 2927 sunt,
305 2890 372 2918 aut
389 2881 519 2918 divina
545 2881 806 2927 institutione,
826 2890 891 2918 aut
910 2882 1069 2931 propria

55 2940 240 2992 cujusque
253 2941 492 2992 professione
510 2942 584 2978 fixa
597 2954 676 2978 non
691 2950 800 2989 sunt3
815 2950 858 2979 ut
872 2955 951 2979 non
963 2941 1069 2991 jussa

18 3018 19 3021 ¹
56 3001 229 3051 quidem,
252 3002 353 3039 licite
375 3001 602 3039 utrumlibet
628 3002 689 3039 vel
717 3002 987 3048 admittantur,
1007 3003 1068 3039 vel

56 3062 283 3099 omittantur
301 3062 431 3112 :jussa
450 3076 563 3109 ver0,
591 3063 671 3100 sine
700 3063 813 3113 culpa
839 3077 918 3100 non
950 3063 1071 3112 negli-

58 3130 212 3171 gantur,
241 3122 323 3159 sine
350 3122 509 3160 crimine
531 3136 608 3159 non
643 3132 952 3161 contemnantur.
977 3122 1069 3161 [bi-

59 3193 133 3234 que
152 3182 253 3218 enim
273 3190 312 3218 et
328 3181 530 3232 culpabilis
547 3183 758 3233 neglectus,
774 3191 810 3220 et
824 3191 1070 3233 contemptus

1135 2709 1248 2742 cura,
1268 2696 1351 2746 pari
1372 2694 1581 2732 reverentia
1601 2692 1846 2729 deferendum
1868 2690 1898 2737 ¹³,
1928 2691 1992 2728 ubi
2014 2701 2138 2730 tamen

1135 2761 1218 2794 Deo
1240 2756 1429 2793 contraria
1449 2769 1525 2792 non
1542 2754 1713 2804 praecipit
1727 2753 1854 2789 homo.
1873 2753 1985 2801 Quod
2003 2753 2031 2789 si
2051 2767 2141 2790 con-

1137 2817 1280 2867 tigerit,
1304 2816 1539 2867 pergendum
1560 2813 1819 2851 indubitanter
1835 2813 1993 2850 consulo
2014 2813 2051 2849 in
2069 2817 2140 2850 Pe-

1137 2878 1183 2915 tri
1217 2877 1380 2927 apostoli
1408 2875 1632 2912 sententiam
1658 2889 1665 2909 :
1699 2873 1786 2923 quia
1818 2872 1966 2908 obedire
1998 2882 2141 2921 oportet

1135 2943 1212 2975 Deo
1230 2943 1350 2987 magis
1365 2951 1475 2986 quam
1497 2934 1707 2972 hominibus
1723 2934 1749 2970 ⁵¹.
1771 2938 1847 2971 Aut
1867 2934 1967 2970 enim
1987 2933 2060 2970 hoc
2078 2947 2140 2970 re-

1135 2998 1402 3050 spondendum
1418 3010 1502 3034 cum
1519 2995 1711 3045 Apostolis
1725 3022 1734 3039 ,
1755 3002 1819 3030 aut
1839 3007 1925 3030 cum
1943 2993 2137 3031 Pharisaeis

1138 3068 1239 3097 certe
1260 3058 1490 3096 audiendum
1511 3071 1518 3093 :
1546 3058 1674 3102 Quare
1688 3064 1726 3091 et
1747 3068 1814 3090 vos
1836 3056 2139 3103 transgredimini

1138 3121 1353 3156 mandatam
1390 3121 1462 3154 Dei
1490 3125 1647 3166 propter
1674 3118 1895 3151 traditiones
1933 3124 2076 3150 vem-as
2101 3113 2138 3148 ⁵?

1137 3180 1173 3217 Si
1196 3188 1321 3216 autem
1339 3178 1444 3215 dolet
1461 3191 1499 3215 se
1515 3176 1709 3214 contemni
1733 3175 1909 3224 magister
1926 3174 2040 3210 honto
2057 3185 2133 3222 prae

109 3329 119 3343 ¹
141 3324 222 3355 Psal.
243 3335 372 3363 cxv111,
395 3327 428 3357 4.
443 3344 487 3349 -
504 3332 516 3347 ²
536 3330 610 3358 Luc.
631 3338 672 3363 x,
697 3330 749 3358 16.
765 3345 810 3348 ———
826 3323 840 3346 3
859 3324 974 3356 Matth.
997 3336 1066 3361 ΧΠ,
1088 3325 1143 3354 36.
1167 3341 1211 3345 -
1225 3320 1238 3347 4
1256 3322 1326 3352 Act.
1347 3331 1379 3357 v,
1402 3321 1458 3350 29.
1474 3337 1518 3340 —
1533 3315 1546 3338 5
1563 3315 1676 3349 Matth.
1691 3326 1746 3351 XV,
1767 3317 1798 3344 3.

105 3384 120 3399 ²
140 3385 299 3423 Fortasse,
319 3382 461 3429 quidam.
476 3404 522 3410 —-
535 3386 552 3407 Ι)
569 3385 652 3417 Vide
669 3392 698 3417 et
715 3385 823 3417 confer
838 3395 892 3416 nn.
915 3387 970 3420 21,
994 3387 1036 3414 22
1057 3389 1086 3413 et
1108 3384 1164 3419 29,
1187 3387 1278 3422 atque
1295 3388 1470 3410 sermonem
1493 3380 1532 3408 42
1553 3376 1584 3406 in
1602 3374 1747 3410 Cantica,
1769 3383 1801 3402 n.
1824 3375 1854 3401 2.

223 3456 318 3479 TOM.
348 3457 394 3480 ΙΙ.

1902 3427 1951 3462 38
