2533 3920
367 125 442 162 675

363 202 473 253 juxta
490 203 734 253 Apostolum,
757 211 797 239 ut
817 202 979 239 sciamus
995 215 1080 252 quae
1097 215 1117 239 a
1136 206 1219 240 Deo
1240 203 1381 240 donata

1146 127 1181 162 S.
1213 128 1467 164 BERNARDI
1496 129 1700 165 ABBATIS

1390 203 1441 222 5:5⁴

2460 0 2463 24 ι

2383 76 2463 178 67ssi

371 272 460 301 sunt
477 263 601 310 nobis,
615 277 662 300 ne
679 263 905 309 nesciamus,
918 262 963 299 ad
976 276 1060 313 quae
1075 263 1305 314 postulanda
1324 277 1383 301 su-
1399 266 1431 300 A
1452 283 1505 292 vm
1509 284 2452 306 ===========================================================

370 323 593 373 spirandum
613 323 659 359 sit
679 321 801 358 nobis.
815 322 888 370 Qui
905 322 1005 358 enim
1027 322 1192 372 accepit,
1213 330 1251 358 et
1265 322 1384 358 nescit

366 397 452 433 quae
476 383 644 433 accepit,
669 382 813 432 duplici
835 382 1008 432 periculo
1031 382 1198 419 vicinum
1225 395 1263 419 se
1290 395 1382 419 con·

366 445 489 481 stituit
508 460 514 481 :
537 445 625 494 quia
647 444 819 493 ingratus
837 451 893 479 est
911 443 1010 479 circa
1030 440 1226 493 acceptum
1239 473 1249 489 ,
1269 452 1307 480 et
1326 443 1384 479 in-

365 513 498 541 cautus
539 504 637 541 circa
669 502 964 539 custodiendum
1004 502 1247 540 beneficium.
1280 507 1381 551 Quo-

368 565 485 601 modo
502 565 603 601 cnim
629 564 744 600 refert
765 563 924 612 gratiam
944 563 998 608 ei,
1022 576 1042 599 a
1063 576 1140 612 quo
1160 564 1325 613 accepit,
1353 563 1382 600 si

366 625 487 662 nescit
511 638 549 661 se
574 624 763 674 accepisse
785 623 889 673 quod
915 623 1086 673 accepit?
1102 624 1161 660 vel
1185 623 1382 673 quomodo

367 686 551 723 sollicitus
570 685 641 721 erit
661 684 867 730 custodire,
883 684 948 733 qui
971 697 1047 720 non
1068 684 1239 720 meminit
1256 698 1295 721 se
1317 685 1383 721 ali-

365 745 457 796 quid
487 745 707 795 acccpisse?
738 745 856 781 Aufer
883 758 902 780 a
924 758 1003 789 me,
1029 745 1213 791 Domine,
1235 758 1379 795 oppro-

364 805 490 842 brium
515 806 651 855 ingrati
671 805 772 841 illius
797 804 945 854 populi,
967 804 1013 840 de
1031 818 1108 853 quo
1135 804 1277 840 dictum
1300 813 1378 841 est:

369 866 489 902 Obliti
523 875 609 901 sunt
639 862 916 911 benefactorum
945 869 1049 910 effus,
1083 872 1118 899 et
1148 864 1380 901 mirabilium

366 927 459 971 ejas,
476 940 563 974 quse
588 927 746 960 ostendit
764 929 817 959 eis
835 930 858 960 ¹.
875 929 1086 973 Acceptum
1112 924 1240 974 itaque
1265 924 1381 962 bene-

365 987 493 1022 ficium
510 1013 518 1029 ‚
538 985 649 1021 etiam
666 983 876 1021 secundum
895 983 1086 1033 sapientes
1107 983 1222 1033 hujus
1239 985 1381 1031 saeculi,

366 1054 517 1082 aeternae
542 1044 736 1081 memoriae
754 1044 991 1093 infigendum
1017 1052 1084 1080 est.
1108 1047 1271 1094 Oportet
1288 1058 1383 1094 ergo

361 1113 404 1141 ut
423 1113 580 1154 accepta
608 1105 770 1141 sciamus
792 1103 998 1150 custodire,
1020 1112 1057 1140 et
1077 1105 1197 1154 gratia
1220 1105 1289 1141 Dei
1310 1118 1380 1141 va-

363 1178 434 1201 cua
463 1178 543 1201 non
564 1165 611 1201 sit
637 1164 677 1201 in
704 1163 814 1201 nobis
836 1179 843 1200 ε
867 1163 933 1201 sed
963 1172 1003 1200 ut
1035 1177 1186 1214 semper
1206 1164 1246 1200 in
1267 1164 1379 1202 nobis

363 1233 532 1272 maneat,
564 1239 716 1275 semper
747 1225 885 1275 gratias
917 1238 1072 1275 agamus
1102 1225 1271 1262 Domino
1295 1230 1378 1263 Deo

364 1295 511 1323 nostro.
533 1287 633 1324 Illud
653 1300 809 1336 quoque
832 1300 909 1323 non
933 1287 1053 1323 otiose
1075 1295 1171 1336 puto
1192 1286 1379 1336 adjicien-

365 1346 471 1392 dum,
490 1355 533 1382 ut
548 1347 586 1383 in
604 1346 895 1396 acquisitionem
913 1345 1043 1382 salutis
1064 1354 1101 1382 et
1116 1346 1245 1395 gratiae
1259 1345 1380 1383 tribus

364 1406 547 1456 gradibus
578 1406 759 1443 ascendas
790 1421 798 1442 ε
828 1406 1060 1453 humilitate,
1096 1406 1189 1453 fide,
1227 1407 1377 1443 timore.

362 1468 566 1504 Humilitas
588 1468 689 1504 enim
714 1476 793 1513 est,
817 1467 875 1504 cui
897 1468 1019 1517 gratia
1048 1467 1181 1514 datur,
1204 1467 1316 1513 fides,
1339 1467 1378 1504 in

363 1541 440 1577 qua
470 1528 699 1578 suscipitur3
719 1529 846 1574 timor,
873 1542 893 1564 a
925 1542 1003 1578 quo
1033 1528 1260 1565 custoditur.
1282 1532 1377 1566 Nam

363 1588 443 1625 siue
462 1587 583 1624 tribus
600 1588 657 1624 his
673 1589 702 1625 si
720 1589 970 1626 ascendamus
990 1589 1037 1626 ad
1053 1590 1227 1639 gratiam,
1246 1589 1376 1636 timeo,

363 1661 410 1684 nc
424 1648 573 1685 dicatur
594 1648 726 1686 nobis:
742 1652 918 1693 Domine,
934 1664 1054 1698 neque
1077 1656 1115 1685 1'12
1137 1664 1207 1698 quo
1225 1651 1379 1685 haurias

363 1709 495 1755 habes,
512 1720 546 1745 et
561 1720 698 1759 puteus
718 1714 817 1746 altus
838 1720 892 1746 est
907 1717 934 1746 ².
956 1711 1011 1747 Sit
1028 1723 1119 1759 ergo
1134 1710 1180 1746 ad
1202 1710 1378 1747 haurien-

1401 989 1429 1023 B

1517 405 1890 462 EPISTOLA
1946 406 2382 468 CCCLXXIII.⁸

1542 566 1690 590 Anax-ris
1719 551 1800 590 sab
1827 567 1872 589 AD
1903 567 2075 590 SANCTUM
2103 568 2346 595 BERNARDUM.

1641 680 1688 708 De
1713 675 1898 718 praefectura
1925 676 1985 707 sibi
2008 675 2155 719 imposita
2178 677 2275 720 luget.

1446 797 1697 835 Desiderabili
1726 798 1884 836 domino
1914 808 1951 836 et
1981 798 2204 836 charissimo
2231 800 2331 850 patri
2357 805 2451 841 Bu-

1501 871 1626 894 mano
1655 858 1965 896 Clarae-Yallcnsi
1991 857 2143 904 abbati,
2177 858 2276 896 filius
2297 859 2378 909 ejus
2397 861 2467 902 Sa}

1502 917 1661 954 fratrum
1691 918 1860 955 ecclcsiae
1887 932 2020 956 servus
2040 919 2206 967 inutilis,
2226 919 2450 962 benedictio-

1502 992 1589 1015 nem
1610 979 1782 1016 omnium
1816 979 1999 1030 gentium.

1499 1099 1698 1137 Desiderio
1713 1099 1945 1147 desideravi,
1962 1100 1992 1137 si
2007 1100 2088 1137 fieri
2105 1108 2253 1151 posset,
2270 1109 2313 1138 ut
2325 1101 2450 1143 litterae

1445 1160 1526 1198 istae
1547 1160 1765 1197 invenirent
1786 1174 1856 1198 vos
1876 1160 2039 1198 liberum
2065 1160 2112 1197 ab
2134 1161 2218 1198 aliis
2243 1163 2401 1212 negotiis
2416 1154 2468 1202 et}

1445 1221 1677 1259 absolutum.
1715 1222 1847 1259 Timeo
1879 1222 2003 1268 enim,
2034 1230 2072 1259 et
2107 1222 2218 1259 timui
2234 1251 2246 1268 ,
2277 1236 2361 1260 cum
2395 1237 2451 1264 eas

1445 1281 1673 1329 scriberem,
1701 1291 1738 1319 et
1766 1281 1998 1319 recordabar
2025 1282 2146 1328 illius,
2169 1283 2235 1333 qui
2267 1283 2467 1333 quaerebat*

1444 1342 1575 1379 videre
1596 1346 1724 1380 Jesum
1737 1372 1746 1389 ,
1764 1342 1831 1379 sed
1851 1356 1928 1379 non
1947 1350 2099 1393 poterat
2119 1356 2199 1393 prae
2220 1343 2351 1390 turba,
2370 1345 2451 1395 quia

1445 1411 1588 1440 statura
1609 1404 1771 1454 pusillus
1789 1404 1908 1440 erat⁴'.
1931 1403 2004 1441 Sed
2025 1403 2118 1453 quid
2133 1432 2142 1449 ,
2163 1404 2194 1440 si
2213 1403 2333 1440 otium
2353 1404 2451 1444 inve-

1445 1477 1555 1510 nero,
1575 1473 1611 1501 et
1631 1478 1708 1500 non
1726 1464 1912 1501 invenero
1927 1464 2086 1514 gratiam
2105 1463 2144 1500 in
2162 1464 2284 1502 oculis
2303 1465 2452 1504 vestris?

1444 1524 1641 1575 Numquid
1659 1525 1782 1562 solun]
1804 1526 1924 1562 otium
1946 1525 2019 1562 erit
2041 1524 2132 1561 mihi
2151 1525 2354 1562 solatium?
2372 1530 2451 1565 Par·

1445 1594 1504 1622 cat
1527 1584 1634 1622 vobis
1657 1590 1772 1623 Deus.
1791 1585 1893 1634 Quid
1914 1586 2079 1624 fecistis?
2094 1586 2160 1624 ubi
2186 1599 2246 1623 me
2266 1587 2469 1637 posuistis,⁴

1445 1656 1482 1684 et
1498 1648 1673 1697 qualem?
1688 1649 1842 1686 L‘tinam
1862 1648 2176 1698 appenderentur
2191 1648 2293 1685 vires
2307 1657 2451 1695 meae‚et
2466 1667 2469 1686 :

1445 1708 1616 1753 sarcina,
1647 1722 1761 1758 quam
1792 1717 1927 1759 porto,
1955 1708 1994 1744 in
2022 1711 2181 1745 statera!
2208 1709 2316 1758 quasi
2346 1721 2474 1764 arena¹

367 1770 453 1806 dam
487 1783 624 1820 aquam
646 1772 842 1821 sapientiae
862 1772 1052 1808 funiculus
1073 1771 1321 1818 liaereditatis3
1343 1780 1381 1808 et
1401 1775 1427 1811 C
1449 1769 1563 1805 maris
1592 1769 1672 1806 lizec
1703 1770 1856 1819 ,gravior
1890 1777 2105 1820 appareret.
2135 1769 2228 1817 Quis
2258 1769 2358 1806 enim
2387 1770 2474 1820 ego(

364 1830 651 1868 haechumilitas
668 1832 714 1868 sit
735 1832 771 1867 in
788 1845 870 1878 ore,
886 1832 932 1868 sit
950 1832 987 1867 in
1008 1832 1137 1879 corde,
1153 1832 1199 1869 sit
1220 1833 1256 1869 in
1274 1841 1380 1869 actu:

365 1892 455 1941 quia
476 1892 670 1928 funiculus
696 1893 834 1941 triplex
861 1892 1015 1929 difficile
1038 1894 1242 1943 rumpitur.
1270 1893 1380 1931 Fides

361 1953 410 1989 sit
429 1952 579 2001 hydria,
601 1962 638 1989 et
658 1953 737 1989 lizec
757 1967 893 2003 magna
912 1954 979 1998 sit,
1001 1962 1043 1990 ut
1069 1954 1115 1990 ab
1148 1968 1192 1991 ea
1213 1955 1379 1991 multum

365 2014 495 2062 gratiae
516 2014 699 2063 capiatur.
725 2014 778 2050 Sit
801 2015 915 2051 timor
941 2015 1190 2064 operculum,
1221 2028 1269 2051 ne
1295 2028 1379 2051 sor-

369 2072 482 2110 dibus
501 2087 608 2110 vanae
628 2075 758 2124 gloriae
787 2088 884 2124 aqua
910 2075 1105 2125 sapientiae
1134 2075 1378 2124 inquinetur:

368 2134 551 2183 scriptum
571 2143 626 2171 est
652 2135 752 2171 enim
767 2164 776 2181 ,
798 2137 873 2171 Vas
892 2137 996 2184 quod
1012 2149 1087 2171 mm
1110 2135 1281 2172 habuerit
1297 2150 1381 2171 coo-

360 2199 578 2243 perculum,
592 2199 826 2232 immundum
847 2196 953 2233 erit3.
975 2201 1128 2235 Manum
1151 2211 1273 2234 meam
1292 2212 1380 2248 pro-

366 2256 521 2292 vocavit
540 2257 587 2293 ad
609 2256 852 2294 scribendum
872 2258 934 2294 illa
958 2267 1021 2295 tua
1038 2258 1193 2295 devotio
1213 2258 1378 2308 legendi,

367 2330 443 2366 qua
456 2331 534 2354 non
555 2318 678 2355 solum
701 2332 926 2368 magnorum
946 2319 1145 2356 hominum
1158 2348 1167 2365 ,
1187 2318 1378 2356 sedetiam

367 2390 486 2426 nugas
519 2387 667 2415 nostras
699 2380 966 2429 amplecteris:
989 2388 1031 2416 ut
1065 2393 1136 2430 per
1154 2393 1252 2429 quos
1277 2392 1375 2415 nun-

367 2437 457 2474 tiata
477 2446 533 2474 est
555 2438 705 2476 bonitas
724 2449 805 2486 tua,
826 2454 895 2490 per
912 2440 1066 2477 eosdem
1089 2439 1157 2476 tibi
1178 2439 1378 2477 nuntiare-

368 2505 441 2545 tur,
455 2507 637 2547 quantam
657 2500 762 2537 cordi
781 2514 867 2537 meo
886 2500 1023 2537 dedisti
1043 2501 1226 2537 laetitiam.

1448 1843 1552 1876 sum,
1577 1839 1642 1866 aut
1670 1844 1754 1880 quae
1786 1830 1925 1868 domus
1953 1831 2072 1882 patris
2102 1830 2202 1867 mci?
2224 1834 2360 1867 Nonne
2387 1843 2453 1881 ego

1448 1903 1531 1926 sum
1553 1904 1651 1940 puer
1664 1892 1860 1942 parvulus,
1875 1892 2056 1942 ignorans
2071 1892 2270 1929 introitum
2287 1900 2324 1928 et
2338 1904 2452 1942 egres-
2468 1884 2469 1887 Ἴ

1447 1963 1529 1986 sum
1552 1953 1706 1988 meum?
1727 1952 1820 2001 Quis
1841 1965 1930 2002 ego,
1952 1961 2018 1989 aut
2036 1951 2130 2002 quid
2147 1965 2238 2002 ege,
2256 1960 2299 1989 ut
2317 1951 2450 2003 possim

1447 2012 1550 2048 solus
1587 2026 1812 2060 occurrere,
1838 2013 1916 2050 imo
1947 2020 2170 2050 succurrere
2200 2013 2390 2059 ecclesiae,
2414 2012 2469 2057 in¹

1447 2084 1521 2121 qua
1543 2073 1692 2122 positus
1715 2086 1819 2118 sum,
1850 2081 2032 2123 tanquam
2058 2072 2194 2124 parieti
2221 2073 2401 2110 inclinato
2417 2080 2452 2110 et
2480 2114 2487 2116 ,
2524 2094 2533 2113 ,ι

1446 2132 1620 2169 maceriae
1641 2132 1834 2183 depulsae?
1855 2136 1979 2184 Supra
2005 2133 2107 2170 vires
2135 2146 2238 2170 meas
2263 2141 2319 2170 est
2338 2144 2470 2183 nego-4

1447 2193 1540 2229 tium
1562 2193 1663 2230 istud
1678 2210 1688 2241 ;
1719 2195 1836 2231 stulto
1863 2193 1995 2232 labore
2027 2207 2247 2231 consumor.
2269 2190 2468 2245 Laborayi}

1445 2252 1485 2289 in
1504 2252 1647 2302 gemitu
1668 2266 1754 2290 meo
1770 2268 1778 2290 ε
1797 2253 1862 2290 sed
1881 2267 1967 2303 quae
1986 2253 2128 2290 utilitas
2144 2252 2184 2289 in
2204 2251 2399 2289 laboribus
2417 2258 2452 2288 et

1445 2313 1651 2363 gemitibus
1678 2315 1794 2351 meis?
1819 2314 2028 2352 Inveterati
2054 2322 2144 2351 sunt
2172 2312 2317 2360 morbi,
2348 2312 2451 2364 plaga

1446 2373 1628 2421 crudelis,
1647 2383 1684 2411 et
1698 2374 1918 2412 insanabilis
1936 2374 2061 2422 dolor,
2079 2374 2150 2412 nisi
2164 2375 2203 2411 in
2222 2387 2338 2411 manu
2355 2372 2451 2411 forti.

1446 2434 1546 2471 Vitia
1581 2435 1725 2486 quippe
1754 2448 1864 2472 versa
1896 2443 1985 2472 sunt
2013 2435 2052 2471 in
2090 2448 2236 2481 mores,
2258 2446 2382 2472 mores
2412 2433 2451 2471 in

1446 2495 1786 2541 consuetudinem,
1816 2495 2057 2533 consuetudo
2085 2495 2125 2532 in
2157 2504 2357 2541 naturam,
2384 2506 2469 2532 na·¹

1396 2560 1534 2594 Dtura
1570 2553 1609 2590 in
1645 2555 1923 2591 necessitatem.
1953 2557 1985 2593 Ο
2017 2568 2133 2604 quam
2174 2567 2327 2591 necesse
2360 2560 2470 2591 esset}

1445 2612 1544 2650 hanc
1574 2615 1838 2652 necessitatem
1865 2615 2001 2652 evelli!
2029 2615 2123 2662 Sed,
2150 2615 2256 2665 quod
2284 2627 2370 2652 cum
2397 2614 2448 2652 18-
2466 2608 2473 2648 :⁸
2527 2642 2532 2646 >

1446 2675 1586 2724 crymis
1606 2674 1811 2712 dicendum
1838 2684 1956 2722 esset,
1979 2676 2195 2714 confortata
2215 2685 2296 2723 est,
2319 2683 2357 2713 et
2377 2686 2450 2713 non
2488 2700 2490 2706 ·
2529 2704 2533 2715 -,

1445 2743 1582 2785 potero
1612 2735 1659 2771 ad
1690 2750 1787 2773 eam.
1818 2740 1915 2774 Ecce
1947 2736 2049 2774 enim
2079 2749 2158 2774 non
2190 2745 2247 2774 est
2273 2736 2490 2774 auxilium»
2529 2764 2533 2768 .

1446 2795 1538 2831 mihi
1560 2795 1598 2832 in
1620 2810 1692 2833 me.
1713 2796 1785 2834 Sed
1803 2805 1840 2833 et
1858 2797 1975 2834 frater
1989 2797 2059 2834 iste
2078 2797 2177 2834 lator
2195 2796 2448 2847 praesentium,
2487 2807 2493 2826 t
2526 2824 2533 2845 ἵ

1444 2855 1510 2904 qui
1531 2856 1641 2893 valde
1662 2856 1774 2894 nobis
1795 2857 2030 2895 necessarius
2049 2866 2149 2904 erat,
2172 2857 2317 2895 recedit
2343 2870 2365 2894 a
2386 2867 2448 2894 no-
2466 2864 2469 2871 '

1443 2914 1514 2953 bis.
1543 2916 1718 2954 Docebat
1746 2918 1848 2955 enim
1881 2917 2070 2965 noviti0s3
2102 2917 2357 2968 proficiebant
2381 2914 2469 2961 illi„

413 3070 421 3084 ¹
444 3063 524 3094 Psal.
548 3074 682 3099 Lxxvn.
705 3066 758 3094 11.
779 3082 824 3086 —
846 3069 859 3085 ²
876 3067 971 3096 Joan.
996 3077 1045 3104 xv,
1069 3068 1120 3097 11.
1140 3085 1184 3089 -
1200 3064 1214 3087 3
1231 3070 1325 3099 Num.
1353 3080 1433 3107 xxx,
1458 3072 1510 3101 15.
1529 3089 1573 3093 —
1589 3070 1692 3103 ⁴Luc.
1708 3081 1786 3109 mx,
1804 3074 1836 3103 3.

409 3133 422 3147 ²
440 3130 581 3172 Epistola
598 3140 680 3160 nova
702 3140 709 3161 :
734 3141 803 3171 quae
823 3141 897 3162 vero
917 3138 1007 3163 antea
1031 3136 1096 3164 373
1115 3139 1199 3172 erat,
1219 3145 1304 3165 nunc
1330 3138 1410 3167 411.
1439 3137 1560 3179 Scripta
1577 3137 1657 3168 circa
1676 3148 1793 3168 annum
1817 3140 1919 3170 1147.
2211 3177 2215 3180 μ

410 3183 426 3204 ¹³
447 3182 541 3213 Haud
557 3181 652 3213 dubie
675 3181 796 3213 abbatis
817 3183 856 3213 de
877 3184 970 3226 Spina
984 3209 991 3223 ,
1009 3186 1178 3217 Palentinae
1196 3187 1336 3219 dioecesis
1350 3213 1357 3226 ‚
1375 3189 1462 3230 cujus
1487 3189 1645 3221 fundatrix
1667 3191 1777 3222 Sancia
1791 3216 1799 3229 ‚
1818 3190 1942 3222 Alsonsi
1959 3191 2157 3233 imperatoris
2172 3201 2279 3230 soror,
2295 3190 2335 3222 ad
2355 3199 2443 3233 quam

362 3235 494 3278 epistola
514 3239 575 3267 301
593 3260 600 3273 ,
621 3236 723 3267 locum
744 3239 775 3267 S.
803 3237 963 3268 Beruardo
980 3238 1076 3270 dedit.
1094 3240 1252 3271 Nivardus
1273 3242 1422 3273 Rei-nardi
1441 3242 1537 3274 frater
1553 3254 1624 3275 cum
1641 3244 1732 3275 sociis
1745 3255 1782 3276 eo
1799 3244 1921 3276 missus.
1937 3242 2072 3276 Abbatis
2092 3243 2185 3287 primi
2200 3253 2314 3276 nomeu
2330 3243 2444 3286 ignorat

363 3289 567 3330 Manriquez,
592 3288 632 3320 ad
653 3299 768 3320 annum
792 3292 876 3322 1147
892 3314 899 3326 ,
917 3301 985 3333 cap.
1006 3294 1045 3322 18
1061 3316 1068 3328 ‚
1096 3303 1127 3324 n.
1149 3296 1181 3324 3.
