2533 3920
406 186 480 224 003

402 384 524 421 eidem
543 386 781 422 veracissime
797 387 1002 423 contulisse
1019 400 1307 424 commemoras.
1329 391 1408 424 Me·-

402 454 547 491 mento,
566 447 627 497 pie
644 446 810 493 domine,
830 447 1016 483 sermonis
1030 447 1184 484 Domini
1203 448 1276 494 tui,
1294 461 1409 498 quem

403 505 499 543 dixit
520 521 528 543 :
547 508 646 542 Ecce
663 511 757 542 anni
774 516 846 543 tres
863 516 961 552 sum,
979 508 1121 557 inquit,
1140 522 1189 543 ex
1205 523 1277 556 quo
1295 514 1408 545 venio

402 580 576 614 quoerens
594 565 757 614 fructum
787 572 825 603 in
843 568 1018 615 ficulnea
1040 568 1123 611 hac,
1147 577 1182 603 et
1203 582 1277 604 mm
1305 573 1407 604 inve-

537 630 594 663 Tu
621 640 714 663 vero
735 628 798 663 vix
823 635 899 663 tres
928 628 1154 677 exspectasti
1178 642 1326 665 menses
1343 658 1352 674 ,
1374 637 1411 665 et

397 685 477 735 jam
507 688 667 724 securim
694 701 816 737 paras.
847 688 883 725 Si
906 696 979 725 tres
1000 702 1121 725 annos
1147 689 1409 736 sustinuisses,

400 755 578 796 quartum
601 747 724 784 adhuc
743 761 763 784 a
782 747 884 784 fideli
902 761 1012 784 servo
1034 748 1215 785 dominici
1232 748 1320 798 jure
1335 750 1412 786 exi-

400 820 577 857 geremus
594 808 772 857 exempli.
788 807 958 844 Dicimus
975 821 1065 857 ergo
1080 817 1116 844 et
1133 821 1204 844 nos
1223 823 1230 844 :
1253 808 1410 846 Dimitte

400 877 437 904 et
470 868 541 904 hoc.
571 880 695 912 anno,
727 868 755 903 si
782 881 859 916 quo
894 867 1009 903 modo
1039 868 1136 904 forte
1162 868 1410 904 circumfossa

398 928 517 964 humo
546 927 671 976 ligone
690 927 944 976 poenitentiae,
966 926 1214 976 adhibitoque
1237 928 1327 963 fimo
1353 928 1409 964 la-

398 1000 615 1036 crymarum
647 1000 824 1031 suarum,
852 986 1040 1023 sterilitati
1067 987 1408 1024 Mediolanensium

401 631 466 661 nio
481 633 504 662 ¹.

397 1047 448 1093 is,
479 1047 540 1083 cui
570 1059 652 1082 eam
683 1046 898 1093 credidisti,
929 1047 1149 1094 consulere,
1178 1056 1215 1083 et
1242 1048 1409 1084 fructum
1429 1053 1458 1086 B
1477 1066 1597 1089 unum
1617 1052 1764 1089 bonum
1781 1060 1862 1089 est:
1884 1065 1970 1088 cum
1988 1066 2080 1090 vero
2101 1055 2262 1091 transire
2278 1068 2322 1091 ea
2337 1056 2376 1091 in
2394 1068 2481 1097 usus

397 1107 532 1143 elicere
557 1114 682 1155 queat.

397 1249 1407 1261 ιιιιιιιιιιιιιιιιιιιιιιιιιιιιιιιιιιιιιιιιιιιιιιιιιιιιιιιιιιιιιιιιιιιιιι

536 1380 912 1437 EPISTOLA
976 1379 1273 1439 CCCXVJ'

519 1542 564 1562 AD
586 1541 809 1563 MATRlLDEM
834 1541 1001 1563 REGlNAM
1025 1541 1231 1565 ANGLOREM
1250 1530 1277 1566 ᾖ.

414 1669 518 1707 Rogat
532 1670 567 1696 ut
579 1670 697 1696 annuat
713 1665 858 1707 petitioni
874 1664 949 1695 alias
966 1665 1130 1697 insinuata}
1146 1677 1204 1708 pro
1218 1666 1381 1698 monachis

799 1718 838 1749 de
852 1719 990 1761 Capella.

388 1839 655 1876 Illustrissimae
681 1838 869 1884 dominae,
898 1847 934 1875 et
955 1839 1208 1876 dilectissimae
1229 1840 1268 1876 in
1292 1840 1404 1878 Chri-
1421 1842 1448 1878 C
1472 1839 1518 1876 de
1550 1853 1667 1876 manu
1697 1839 1885 1890 potentis,
1908 1847 1945 1875 et
1963 1838 2044 1888 juri
2069 1841 2232 1889 proprio
2259 1838 2477 1887 vindicare,

442 1908 500 1936 sto
534 1899 620 1935 filiae
650 1898 785 1949 (quod
818 1913 896 1935 non
929 1914 974 1937 ex
1007 1901 1307 1951 praesumptione
1345 1901 1402 1937 lo-

442 1972 559 2008 quor,
589 1958 654 1995 sed
685 1972 731 1994 ex
751 1959 1131 2009 affectu)MATn1Ln1
1146 1989 1155 2006 ,
1183 1961 1255 1997 Dei
1280 1961 1402 2010 gratia

440 2018 654 2068 Anglorum
678 2019 840 2068 reginae,
862 2022 1106 2056 Betim-annes.

443 2145 481 2181 Si
511 2145 557 2181 de
583 2153 709 2181 vestra
739 2144 972 2182 sublimitate
999 2159 1213 2195 praesumo,
1242 2160 1320 2183 non
1347 2155 1403 2183 est

389 2206 542 2242 mirum.
575 2209 659 2243 Jam
688 2206 790 2242 enim
820 2219 899 2242 non
930 2218 1000 2255 ego
1031 2206 1135 2242 solus
1161 2207 1310 2253 sentio,
1338 2207 1404 2244 sed

388 2279 522 2303 omnes
544 2279 643 2316 pene
671 2274 886 2312 noverunt,
912 2265 1109 2316 quomodo
1133 2280 1203 2303 nos
1229 2276 1405 2318 accepte-

389 2327 461 2372 tis,
497 2334 535 2363 et
569 2334 713 2375 quanto
748 2339 818 2362 nos
854 2325 1018 2376 diligatis
1052 2326 1202 2363 affectu.
1239 2331 1404 2378 Propter

387 2386 492 2436 quod
524 2395 678 2435 rogatus
718 2399 799 2422 sum
837 2399 857 2422 a
891 2386 1059 2436 quodam
1092 2387 1214 2424 amico
1244 2396 1397 2434 vestro,

388 2445 598 2483 venerabili
632 2445 769 2483 abbate
803 2446 850 2483 de
878 2447 1052 2496 Capella,
1083 2455 1126 2483 ut
1157 2460 1227 2497 pro
1255 2447 1401 2484 decima

387 2507 550 2556 quadam
571 2520 640 2543 vos
661 2520 840 2556 rogemus
862 2521 870 2543 :
897 2507 1024 2553 unde,
1047 2507 1078 2544 si
1101 2507 1198 2544 bene
1219 2508 1399 2545 memini-

386 2568 472 2613 stis,
490 2567 658 2604 Boloniae
680 2580 746 2604 vos
766 2568 918 2617 rogavi,
935 2580 1004 2604 vos
1029 2581 1183 2617 quoque
1208 2581 1314 2604 more
1337 2577 1397 2604 re-

386 2636 464 2664 stro
494 2627 659 2677 benigne
688 2628 846 2665 audistis
872 2641 932 2664 me
949 2629 977 2664 *.
1007 2627 1080 2664 Sed
1105 2628 1194 2677 quia
1225 2628 1398 2665 nondum
1418 2636 1451 2669 D

387 2689 526 2724 factum
560 2697 616 2724 est
645 2688 750 2738 quod
780 2701 978 2738 rogamus,
1004 2696 1154 2737 tempus
1176 2696 1233 2724 est
1258 2697 1300 2725 ut
1320 2687 1401 2737 jam

388 2749 522 2798 petitio
542 2749 606 2784 illa
626 2749 866 2798 mancipetur
885 2748 1052 2785 effectui,
1074 2752 1129 2785 De
1147 2757 1285 2785 caetero
1301 2748 1399 2786 bene

389 2817 536 2845 servate
576 2808 666 2844 mihi
698 2809 843 2854 filium,
871 2822 985 2858 quem
1021 2821 1124 2844 nunc
1157 2809 1358 2858 peperistis
1388 2825 1396 2846 :

387 2869 476 2918 quia
502 2877 538 2904 et
564 2881 633 2917 ego
659 2881 834 2917 quoque,
863 2869 893 2904 si
919 2868 1013 2918 Regi
1041 2881 1119 2904 non
1141 2868 1340 2919 displicet,
1361 2869 1399 2906 in

386 2941 431 2965 eo
454 2927 545 2964 mihi
565 2927 720 2964 vindico
741 2928 972 2977 portionem.
995 2928 1099 2966 Vale.

438 3205 444 3220 ¹
462 3202 538 3230 Luc.
559 3208 644 3236 1111,
667 3200 699 3229 7.

430 3262 441 3275 ²¹
458 3259 544 3290 Alias
558 3257 688 3300 epistola
710 3259 774 3289 344
791 3268 798 3288 :
813 3268 882 3299 qum
901 3268 975 3288 vero
993 3264 1083 3289 antea
1102 3260 1167 3289 315
1189 3263 1274 3296 erat,
1290 3269 1374 3289 nunc
1396 3261 1475 3290 341.
1494 3257 1616 3300 Scripta
1636 3256 1718 3287 circa
1737 3262 1856 3287 annum
1876 3257 1979 3287 1134.

811 3321 817 3341 :
844 3321 912 3352 quae
929 3322 1002 3341 vero
1020 3317 1111 3342 antea
1133 3314 1198 3342 316
1217 3318 1302 3348 erat,
1317 3322 1401 3342 nunc
1420 3316 1499 3343 3:10.
1517 3312 1638 3353 Scripta
1654 3311 1735 3341 circa
1752 3320 1869 3341 annum
1893 3311 1904 3340 1
1919 3311 1996 3340 135.

428 3372 440 3384 ¹·
457 3365 540 3395 Alias
557 3363 686 3406 epistola
706 3366 773 3394 320
793 3374 800 3393 :
819 3373 888 3404 quae
911 3374 984 3394 vero
998 3369 1087 3394 antea
1107 3366 1170 3394 317
1191 3370 1255 3394 crat
1271 3389 1278 3400 ,
1294 3375 1377 3395 nunc
1395 3368 1474 3396 (357.
1492 3365 1612 3407 Scripta
1632 3374 1716 3395 aimo
1736 3363 1851 3396 Christi
1876 3365 1976 3394 1138.

431 3306 444 3327 ¹¹
462 3312 547 3342 Alias
567 3311 697 3353 epistola
715 3313 781 3342 375

1171 190 1205 225 S.
1237 193 1492 237 BERNARDI
1523 195 1721 229 ABBATIS

402 265 654 314 plantationi,
683 278 796 315 parce
827 265 992 316 denique
1017 267 1163 317 populo
1192 267 1468 317 acquisitio-²⁹⁴

401 325 461 362 nis
497 334 593 372 tuae,
624 326 757 376 hisque
790 326 882 376 ipsis
915 325 1108 364 beneficiis
1141 328 1233 372 tuis,
1258 341 1342 377 quae
1374 327 1458 364 teA

1610 425 1978 483 EPISTOLA
2032 421 2364 487 cccxvi?
2522 411 2526 472 Ι

1474 568 1520 589 ,ω
1555 567 1751 590 flexiucmt
1781 567 2026 593 srxoxisxsmi
2066 570 2412 608 ARCHIEPISCOPUM,
2435 558 2482 600 it

1657 629 1702 650 ‚m
1734 627 1979 652 HAIMERICL'M
2009 629 2306 654 εΑΝοΕηΑΜΕΜ.
2451 602 2523 684 ζ

1477 727 1647 761 Hortatur
1663 731 1697 756 ut
1713 725 1811 756 nobili
1825 725 1969 761 cuidam
1986 725 2069 757 bona
2085 726 2290 758 ecclesiastica
2303 723 2481 771 Ροεείἀειιῆ

1525 779 1578 810 scd
1592 791 1675 810 nuuc
1694 790 1730 810 ea
1747 780 1912 822 Religiosis
1929 779 2116 821 quibusdam
2137 779 2250 812 cedere
2266 781 2399 821 volenti,
2418 788 2482 821 nm

1524 834 1738 865 adxerseutur.
2528 846 2533 864 i

1531 936 1624 970 Cum
1654 933 1740 969 laici
1769 933 1946 969 ecclesias
1975 933 2055 970 sive
2085 934 2337 971 ecclesiastiea
2364 933 2481 974 hene-

1477 993 1582 1038 licia,
1621 1006 1706 1042 quae
1742 993 1868 1028 illicite
1901 1001 2053 1038 tenent,
2087 994 2303 1044 relinquere
2326 995 2479 1044 volunt,

1475 1126 1674 1150 servorum
1702 1113 1772 1150 Dei
1801 1113 1956 1159 volunt,
1984 1113 2202 1163 duplicatur
2228 1113 2387 1151 bonum.
2409 1116 2480 1157 Sed

1475 1174 1548 1210 hoc
1575 1187 1661 1210 cum
1683 1174 1765 1210 fieri
1787 1187 1866 1210 non
1895 1182 2040 1223 potest,
2061 1174 2132 1211 nisi
2158 1187 2228 1224 per
2247 1188 2381 1212 manus
2399 1176 2481 1226 epi-

1474 1234 1601 1284 scopi,
1620 1234 1762 1284 gemini
1788 1247 1826 1270 se
1848 1234 2052 1284 episcopus
2074 1243 2139 1271 aut
2169 1235 2258 1271 mali
2275 1248 2404 1282 reum,
2418 1245 2482 1276 aut

1474 1294 1568 1331 boni
1597 1294 1779 1345 probabit
1799 1303 2016 1341 auctorem,
2030 1296 2141 1344 juxta
2163 1295 2268 1344 quod
2288 1308 2398 1334 suum
2418 1304 2481 1335 aut

1475 1355 1645 1405 negabit,
1663 1369 1709 1392 au
1727 1354 1832 1392 (labit
1847 1368 2056 1392 assensum.
2072 1355 2187 1403 Quod
2203 1355 2313 1393 miles
2327 1355 2480 1406 quidam
2512 1351 2520 1406 J

1474 1429 1542 1452 vos
1577 1424 1703 1465 rogat,
1733 1416 1805 1452 hoc
1835 1430 1856 1452 a
1884 1414 1996 1452 vobis
2026 1415 2106 1465 ipse
2133 1415 2260 1464 rogari
2286 1415 2479 1455 debuerat.

1475 1476 1576 1525 Quid
1599 1477 1728 1513 enim?
1751 1477 1936 1513 meliusne
1958 1489 2039 1513 esse
2055 1475 2235 1525 judicatis
2260 1475 2308 1513 ab
2329 1476 2480 1516 homine

1475 1538 1628 1575 militari
1656 1537 1879 1574 haereditate
1901 1537 2090 1588 possideri
2111 1537 2369 1574 sanctuarium
2391 1537 2479 1587 Dei,
2510 1575 2515 1593 ,a

1474 1611 1588 1648 quam
1619 1612 1640 1634 a
1665 1598 1803 1634 sanctis
1831 1598 1924 1634 Dei?
1949 1597 2114 1643 Mirum,
2135 1597 2166 1634 si
2191 1610 2270 1634 non
2296 1597 2482 1636 mirantur

1473 1672 1606 1695 omnes
1638 1659 1703 1709 qui
1727 1658 1899 1695 audiunt.
1927 1658 2072 1705 Nolite,
2097 1671 2251 1708 quaese,
2271 1658 2414 1705 nolite,
2434 1672 2481 1698 ne
2508 1649 2514 1675 ἶ,

1472 1719 1570 1755 forte
1597 1718 1753 1755 audiant
1782 1718 1846 1755 filii
1877 1719 2257 1763 incircumcisorum,
2286 1726 2324 1754 et
2355 1718 2480 1759 laetens

1472 1789 1545 1816 tur.
1569 1783 1683 1826 Esto,
1708 1780 1868 1829 potestis
1894 1779 2084 1829 captivam
2110 1779 2309 1817 ecclesiam
2335 1779 2481 1829 eripete

1468 1900 1573 1950 quod
1606 1900 1762 1936 minime
1789 1899 2022 1936 arbitramur
2047 1914 2055 1936 :
2080 1912 2286 1949 quemnam
2301 1928 2313 1946 ,
2329 1911 2476 1949 quaeso,

1469 1961 1516 1997 de
1536 1961 1599 1997 illa
1623 1961 1806 1997 libentius
1823 1960 1988 2010 elegistis
2005 1958 2117 1997 vobis
2132 1959 2323 1996 haeredem
2342 1968 2380 1996 et
2394 1972 2479 1997 suc—
2504 1978 2507 1989 ι

1469 2022 1682 2058 cessorem?
1696 2020 1761 2070 qui
1783 2019 1872 2057 inde
1894 2019 2084 2057 deserviat
2099 2018 2330 2056 exercitibus
2346 2019 2476 2070 Regis,
2502 2027 2508 2050 ὅ

1468 2095 1515 2119 an
1544 2083 1836 2118 intercessorem
1867 2093 1938 2131 pro
1966 2080 2132 2131 peccatis
2162 2079 2328 2117 vestris?
2355 2079 2477 2118 Facite

1470 2157 1561 2193 ergo
1590 2143 1696 2193 quod
1719 2142 1890 2192 justum,
1917 2141 2022 2192 quod
2047 2141 2158 2178 vobis
2177 2140 2356 2191 dignum,
2375 2139 2477 2190 quod
2508 2147 2510 2150 '

1471 2206 1554 2239 Deo
1575 2212 1612 2239 et
1632 2202 1811 2240 omnibus
1827 2201 2170 2251 bonisjucundum
2189 2209 2271 2238 est:
2292 2200 2398 2251 quod
2416 2199 2478 2242 de,-

1471 2263 1606 2312 nique,
1628 2263 1697 2299 etsi
1717 2262 1820 2299 aliud
1840 2275 1920 2299 non
1937 2270 2059 2310 esset,
2076 2274 2207 2298 amore
2224 2261 2345 2298 nostri
2364 2259 2477 2309 confi?

1471 2322 1607 2359 dente1
1627 2323 1708 2359 fieri
1725 2322 1972 2372 postular.em

2460 2354 2472 2362 .

2357 2542 2372 2558 c
2457 2532 2470 2544 '
2495 2523 2500 2528 ¹

1577 2548 1739 2604 EPIS
1749 2549 1795 2602 T
1806 2547 1904 2603 OL
1914 2547 1958 2601 A
2012 2546 2348 2604 CCCXVII.
2452 2582 2469 2599 ,«

1627 2689 1674 2710 AD
1700 2687 1871 2711 Pmonmi
1899 2687 1999 2710 scm!
2020 2686 2271 2710 conssrmmm
2286 2673 2317 2710 *.
2445 2669 2473 2722 ξ

2449 2724 2465 2739 „

1466 2788 1638 2821 Schismate
1660 2788 1830 2826 exstincto,
1857 2794 1888 2819 et
1913 2799 1990 2830 pace
2009 2787 2204 2830 composita,
2223 2787 2289 2830 jam
2311 2797 2345 2819 se
2371 2760 2473 2842 quad}

1632 2843 1769 2885 primum
1792 2842 1831 2873 ad
1854 2853 1927 2874 suos
1943 2842 2117 2874 rediturum
2132 2841 2310 2885 pollicetur.
2428 2872 2457 2908 ἡ

2450 2920 2461 2932 0

1465 2949 1586 2988 Fratri
1607 2951 1837 2987 Gonni-nmo
1854 2978 1863 2995 ,
1889 2948 2008 2986 frater
2027 2952 2278 2995 Eun-Annus,
2302 2944 2468 3021 salutem?

1518 3066 1562 3099 In
1601 3061 1755 3100 Octavis
1786 3065 2031 3099 Pentecostes
2060 3061 2141 3112 ipsa
2174 3060 2237 3098 die
2267 3054 2492 3109 complevit

2427 3185 2453 3246 st
2488 3178 2489 3183 ,
