2565 3952
92 164 167 201 437

91 242 398 297 peregrinatione
419 240 560 290 vagari.
590 243 706 276 Putas
737 248 922 290 poterunt
950 239 1140 277 cantare'²³

1020 162 1284 199 EPISTOLAE.

1146 240 1159 258 G

2116 174 2192 212 438

90 305 275 343 canticum
292 301 448 340 Domini
461 302 499 338 in
517 309 618 337 terra
631 301 779 337 aliena?
800 301 873 339 Sed
895 315 973 338 non
999 311 1102 339 recte
1123 302 1151 336 Α
1174 316 2194 333 m—==========u=-======-=====-2===u===mmmu·--=2-.m-.........

90 369 185 406 sorte
207 365 367 402 dixerim
394 364 579 409 alienam,
601 376 687 412 quae
704 362 839 399 semini
857 361 962 399 bono
988 376 1103 413 spon-

90 438 240 466 taneum
267 424 451 475 expandit
472 424 597 461 sinum
613 452 622 469 ‚
649 431 686 460 et
709 423 920 473 pretiosum
945 423 1101 473 deposi-

90 496 167 525 tum
193 485 271 535 jam
300 485 387 521 laeto
419 483 457 520 in
486 482 632 533 gremio
662 483 724 532 pie
758 483 888 519 fovere
919 483 1098 533 suscepit.

87 546 249 592 Cecidit,
282 553 324 581 ut
352 543 489 589 video,
520 542 656 579 cecidit
687 556 848 592 granum
879 542 1026 580 bonum
1060 544 1098 580 in

88 616 223 646 terram
252 605 395 642 bonam
419 613 457 641 et
480 604 665 654 optimam
689 618 696 639 :
720 616 834 653 spero
864 605 902 641 in
928 605 1099 642 Domino

86 667 187 719 quod
206 664 411 711 radicabit,
429 663 682 715 germinabit,
707 664 1041 714 multiplicabitur,
1062 674 1100 701 et

86 729 222 767 referet
242 727 408 764 fructum
432 726 470 762 in
496 726 682 776 patientia
696 731 720 763 ¹.
745 730 865 764 Porro
887 727 990 776 hunc
1009 740 1096 763 cum

85 793 184 838 Rege
204 786 390 839 partibor,
409 795 447 824 et
466 787 732 837 unusquisque
753 787 964 824 secundum
983 800 1094 825 suum

85 849 254 888 laborem
277 849 476 899 accipiet2.

83 967 1098 979 ιιιιιιιιιιιιιιιιιιιιιιιιιιιιιιιιιιιιιιιιιιιιιιιιιιιιιιιιιιιιιιιιιιιιι

288 1069 667 1126 EPISTOLA
726 1070 929 1126 CCIX.

465 1218 513 1240 AD
542 1218 713 1241 EUMDEM.

80 1328 226 1364 Praedicat
242 1327 358 1370 regiam
377 1328 444 1370 ejus
463 1326 712 1358 munificentiam
731 1328 764 1358 in
784 1328 989 1370 suscipiendis
1002 1335 1032 1360 et
1052 1329 1095 1360 fo-

329 1382 438 1413 vendis
452 1381 617 1424 Religiosis
637 1392 655 1412 a
673 1392 707 1413 se
722 1382 835 1413 missis.

129 1496 286 1535 Habetis
306 1496 412 1546 quod
432 1496 613 1546 petiisti5‚
638 1495 779 1533 fecistis
807 1496 912 1546 quod
941 1498 1092 1548 promi-

79 1558 186 1597 sistis.
201 1560 306 1606 Quos
323 1556 364 1593 in
378 1555 500 1594 verbo
518 1565 646 1593 vestro
668 1557 938 1607 exposuimus,
961 1567 999 1594 et
1019 1557 1092 1594 mi-

70 1619 212 1665 -simus,
233 1618 491 1669 peregrinari,
514 1617 616 1668 regia
644 1626 735 1655 sunt
760 1617 989 1656 liberalitate
1010 1632 1094 1656 sus-

79 1682 185 1731 cepti.
216 1679 443 1718 Occurristis
470 1679 523 1716 eis
559 1692 646 1716 cum
686 1678 875 1729 panibus,
909 1679 1093 1717 eduxistis

79 1754 141 1779 eos
162 1741 199 1778 in
223 1740 466 1791 refrigerium
482 1770 492 1787 ,
514 1740 768 1777 constituistis
787 1753 854 1777 eos
879 1754 995 1791 super
1022 1754 1093 1778 ex-

79 1801 211 1839 celsam
231 1810 394 1847 tet-ram,
418 1809 463 1837 ut
482 1800 689 1838 comedant
718 1801 864 1838 fructus
884 1814 1065 1851 agrorum
1080 1830 1089 1847 ‚

1364 426 1740 482 EPISTOLA
1796 425 1997 484 CCX.a

1329 573 1377 594 AD
1400 573 1582 596 DOMINL’M
1607 574 1725 596 PAPAM
1746 574 2025 599 ΙΝΝΟΟΕΝΤΗῙΜ.

1286 683 1476 712 Remensem
1499 681 1667 724 praesuleni
1690 681 1834 713 Pontifici
1853 682 2066 714 commendat.

1219 795 1427 831 Dominum
1458 793 1723 831 Remensemb
1753 795 1886 845 gloriae
1915 805 2049 833 vcstrae
2080 811 2184 834 com-

1165 855 1413 900 mendamus,
1439 869 1517 892 non
1542 864 1724 905 tanquam
1747 856 1793 894 de
1815 857 1962 894 caeteris
1977 887 1986 903 ,
2009 857 2076 894 sed
2097 872 2187 895 vere

1164 929 1244 967 prae
1279 917 1427 954 caeteris
1459 930 1578 953 unum
1609 932 1616 953 :
1645 916 1761 967 idque
1788 925 1864 954 tam
1889 931 2044 964 secure,
2071 932 2185 969 quam

1166 977 1289 1014 securi
1319 990 1451 1014 sumus
1473 976 1520 1013 de
1541 991 1609 1014 sua
1626 991 1715 1027 erga
1735 991 1805 1015 vos
1826 978 1929 1016 fideli
1951 979 2160 1017 devotione
2176 1009 2185 1026 ,

1115 1036 1142 1070 B
1165 1038 1313 1075 sincera
1333 1039 1537 1076 dilectione
1550 1069 1559 1086 ,
1579 1039 1778 1076 voluntate
1797 1040 1949 1077 subdita
1967 1049 2082 1091 atque
2097 1040 2188 1078 obe-

1166 1099 1412 1138 dientissima.
1430 1104 1675 1146 Honoretur,
1696 1102 1877 1151 quoniam
1894 1116 1960 1140 vas
1980 1111 2037 1140 est
2052 1104 2090 1140 in
2112 1103 2185 1140 ho-

1165 1175 1316 1198 norem.
1333 1162 1478 1198 Sentiat
1496 1191 1505 1208 ,
1524 1161 1628 1211 quod
1650 1162 1688 1198 in
1707 1161 1817 1200 vobis
1838 1172 1918 1210 est,
1947 1177 2025 1201 non
2045 1165 2186 1201 frustra

1163 1235 1202 1259 se
1219 1222 1477 1259 honorificare
1494 1223 1754 1260 ministerium
1776 1237 1885 1261 suum
1911 1240 1918 1261 :
1943 1238 2022 1261 non
2046 1225 2186 1262 frustra

1162 1283 1310 1332 pollere
1343 1283 1401 1320 his
1431 1282 1627 1329 moribus,
1656 1283 1797 1333 quibus
1819 1284 2034 1321 honoretur
2058 1289 2184 1333 Deus,

1164 1352 1325 1381 ornetur
1350 1344 1542 1391 Ecclesia,
1564 1344 1632 1394 qui
1652 1344 1819 1394 denique
1843 1345 2003 1382 deceant
2024 1347 2181 1384 Domini

1163 1404 1414 1442 sacerdotem.

1204 1531 2183 1542 ===u====v===xxv-«xxx»xv-ts-an-mzx-vxxsvxswv=====nsxmmxxxmxxxsx==n

1337 1631 1726 1689 EPISTOLA
1770 1629 2000 1690 CCXI?

1546 1767 1594 1788 AD
1616 1767 1796 1790 EUMDEM.

77 1871 120 1900 ut
136 1871 272 1913 sugant
292 1862 367 1899 mel
387 1861 435 1899 de
453 1870 584 1913 petra,
611 1863 820 1912 oleumque
838 1863 885 1900 de
905 1877 997 1901 SaXO
1014 1863 1090 1900 du·
1114 1867 1141 1904 C
1162 1878 1298 1909 Causam
1314 1874 1550 1908 Cantuariensis
1570 1874 1816 1918 archiepiscopi,
1835 1887 1961 1909 necnon
1977 1878 2185 1911 Londinensis

78 1923 240 1971 fissim03
267 1922 455 1973 butyrum
477 1923 524 1960 de
541 1932 731 1970 armento,
746 1933 783 1960 et
796 1925 854 1962 lac
869 1925 916 1962 de
939 1924 1091 1972 ovibus,

79 1992 115 2022 et
132 1985 222 2022 ficus
243 1998 330 2021 cum
347 1984 517 2022 medulla
538 1984 654 2022 tritici
671 2014 680 2031 ‚
701 1993 739 2022 et
759 1987 985 2036 sanguinem
1006 2000 1092 2024 uvae

78 2043 207 2084 bibant
230 2046 545 2083 meracissimum.
571 2050 619 2084 Et
646 2047 728 2084 haec
755 2048 911 2097 quidem
939 2057 1093 2086 terrena

79 2114 184 2153 sunt,
201 2105 268 2143 sed
285 2106 454 2143 coelestia
474 2115 705 2144 mercantur.
724 2108 784 2145 Sic
800 2109 879 2146 itur
897 2109 945 2146 ad
963 2118 1064 2147 astra
1082 2125 1091 2146 z

79 2167 211 2205 talibus
240 2167 374 2205 hostiis
405 2176 655 2218 promeretur
682 2172 797 2206 Deus.
835 2173 1003 2207 Istorum
1033 2178 1090 2207 est

79 2228 176 2266 enim
196 2241 357 2278 regnum
375 2229 562 2266 coelorum
579 2259 588 2275 ‚
609 2230 676 2279 qui
694 2231 773 2280 regi
793 2239 905 2268 terrae
925 2232 964 2268 in
988 2240 1090 2268 terra

79 2288 285 2326 viventium
319 2289 483 2327 reddere
516 2299 702 2340 poterunt
732 2305 805 2341 pro
836 2292 893 2329 his
927 2294 1090 2330 terrenis

79 2350 189 2388 vitam
212 2360 250 2388 et
276 2351 437 2402 gloriam
464 2352 751 2402 sempiternam.
778 2354 952 2391 Misimus
979 2354 1090 2391 vobis

80 2413 296 2462 magistrum
346 2416 570 2450 Brunonem
599 2443 608 2458 ,
633 2414 725 2451 olim
765 2413 863 2451 mihi
901 2429 972 2465 per
1011 2415 1090 2453 dies

81 2474 215 2511 multos
232 2474 475 2511 individuum
497 2475 700 2521 comitem,
725 2489 829 2512 nunc
859 2486 987 2514 autem
1017 2490 1090 2527 pa-

82 2541 171 2576 trem
198 2535 407 2572 multarum
437 2535 595 2585 quidem
629 2536 844 2574 animarum
878 2537 1089 2574 laetantium

81 2593 118 2632 in
138 2595 304 2643 Christo,
324 2596 391 2633 sed
409 2597 602 2646 egentium
621 2597 661 2633 in
680 2597 835 2634 saeeulo.
858 2598 1091 2648 Experiatur

1487 1930 1626 1974 episcopi
1642 1930 1854 1962 commendat.

1214 2045 1406 2083 Dominus
1426 2045 1712 2083 Cantuariensis
1726 2044 1743 2069 d
1757 2075 1767 2092 ‚
1784 2046 1844 2083 vir
1860 2046 1984 2084 honus
1998 2078 2006 2094 ‚
2024 2057 2062 2086 et
2079 2050 2184 2087 testi-

1161 2107 1335 2142 monium
1352 2105 1499 2142 habens
1516 2119 1537 2142 a
1556 2104 1669 2142 bonis
1682 2134 1691 2151 ‚
1712 2105 1855 2155 injuste
1875 2107 1916 2144 in
1934 2122 2085 2145 causam
2105 2118 2184 2147 tra-

1160 2167 1278 2212 hitur,
1298 2176 1336 2204 et
1349 2166 1396 2204 ab
1410 2167 1560 2217 agendo
1575 2167 1766 2204 violenter
1783 2168 2002 2206 retrahitur.
2019 2169 2184 2207 Parabat

1157 2228 1253 2265 iter:
1273 2242 1361 2265 nam
1382 2228 1419 2264 in
1441 2236 1569 2264 vestra
1592 2229 1796 2278 praesentia
1823 2229 1947 2266 fuerat
1968 2232 2183 2268 terminan-

1158 2289 1205 2325 da
1223 2304 1231 2325 ε
1255 2298 1292 2326 et
1311 2302 1399 2326 ecce
1421 2288 1666 2338 intercipitur
1682 2302 1704 2325 a
1723 2289 1878 2327 turbine
1898 2299 1936 2327 et
1955 2299 2181 2341 tempestate

1157 2349 1362 2387 bellorum.
1387 2350 1441 2387 Sit
1464 2357 1667 2386 excusatus
1693 2349 1797 2399 apud
1822 2364 1916 2397 vos,
1938 2352 1999 2388 cui
2020 2353 2179 2390 molesta

1158 2419 1214 2448 est
1231 2410 1440 2448 excusandi
1456 2410 1659 2447 necessitas
1679 2424 1686 2445 :
1712 2418 1789 2447 tum
1813 2412 1900 2461 quia
1920 2414 2118 2462 praesumit
2135 2414 2181 2450 de

1154 2473 1304 2523 justitia
1320 2502 1329 2518 ‚
1353 2481 1434 2509 tum
1458 2472 1548 2522 quia
1571 2471 1761 2508 desiderio
1789 2472 2030 2510 desiderabat
2050 2475 2181 2512 videre

1160 2535 1292 2571 faciem
1326 2542 1505 2570 vestram.
1535 2532 1654 2569 Addit
1682 2541 1720 2569 et
1745 2533 1819 2570 hoc
1848 2547 1946 2583 puer
1971 2543 2117 2581 vester,
2140 2544 2182 2572 ut

1159 2596 1189 2633 si
1219 2609 1293 2645 qua
1318 2595 1390 2632 alia
1413 2594 1550 2645 petitio
1581 2602 1637 2631 est
1657 2594 1888 2632 venerabilis
1909 2596 2118 2633 sacerdotis
2135 2598 2152 2615 *
2169 2626 2178 2641 ,

35 2666 41 2669 ’
81 2663 117 2693 et
133 2655 212 2706 ipse
232 2657 450 2694 munificam
484 2671 639 2695 manum
674 2659 772 2708 regis
787 2688 796 2705 ,
824 2667 868 2696 ut
903 2669 1089 2709 augeatur
1108 2666 1140 2700 D
1160 2665 1265 2693 tanto
1288 2656 1398 2692 citius
1424 2654 1650 2692 admittatur
1666 2683 1675 2700 ,
1695 2664 1841 2704 quanto
1863 2655 2014 2705 dignior
2037 2665 2092 2693 est
2113 2658 2179 2706 qui

81 2727 258 2755 numerus
291 2718 505 2756 amicorum
525 2748 535 2765 ,
571 2720 639 2768 qui
673 2719 799 2770 ipsum
832 2720 1019 2770 recipiant
1050 2720 1089 2757 in

82 2784 218 2815 aeterna
239 2778 495 2816 tabernacula.
528 2779 642 2827 Quod
663 2780 717 2817 illi
746 2780 868 2817 facitis
882 2810 891 2826 ,
916 2780 1009 2817 mihi
1031 2781 1088 2817 fa-

82 2835 160 2873 citis
182 2852 190 2874 :
211 2839 298 2888 quia
329 2838 435 2888 quod
463 2838 519 2875 illi
543 2838 649 2876 deest
667 2869 676 2886 ,
697 2853 718 2876 a
750 2853 811 2876 me
843 2840 1019 2890 exigitur.
1041 2845 1091 2878 At

82 2898 166 2947 quia
181 2900 415 2950 marsupium
436 2908 613 2936 nostrum
635 2901 763 2937 minus
788 2901 983 2937 sufficiens
1004 2909 1085 2947 est;

44 2969 46 2972 ’
83 2956 128 2994 ad
149 2968 317 2997 vestrum
338 2974 450 3007 sane,
474 2961 580 3011 quod
599 2962 796 3012 aliquanto
819 2962 988 3012 grossius
1008 2960 1104 2999 esse‘

45 3056 47 3065 Α
82 3016 220 3068 liquet,
239 3033 451 3072 pauperem
476 3022 615 3059 Christi
640 3023 778 3060 merito
805 3023 998 3061 destinare
1019 3038 1090 3061 cu-

1157 2717 1266 2767 petit.
1299 2715 1436 2753 Audeo
1465 2715 1610 2760 adhuc,
1640 2724 1678 2752 et
1704 2716 1795 2765 quia
1822 2716 1937 2752 semel
1972 2717 2094 2767 coepi,
2120 2718 2180 2753 lo-

1157 2792 1254 2829 quar
1284 2777 1332 2814 ad
1368 2776 1567 2814 dominum
1604 2790 1746 2814 meum.
1779 2777 1867 2821 Ille,
1903 2778 1966 2814 ille
2000 2778 2180 2827 antiquus

1157 2840 1326 2883 amicus,
1349 2838 1472 2875 fidelis
1505 2851 1661 2884 servus,
1689 2837 1851 2875 devotus
1875 2838 1975 2875 filius
1997 2838 2180 2888 (Rober—

1157 2911 1238 2939 tum
1266 2902 1407 2951 loquor
1434 2900 1720 2937 Londinensem
1755 2898 2011 2950 episcopum)
2043 2900 2180 2936 clamat

1159 2962 1206 3000 ad
1226 2976 1317 3008 vos,
1340 2961 1447 3011 quod
1468 2969 1679 3011 occupator
1694 2960 1777 3006 ille,
1797 2960 1864 3010 qui
1887 2974 1974 2997 eum
1992 2960 2180 3010 praevenit

1158 3024 1195 3061 in
1218 3022 1347 3060 sedem
1365 3051 1373 3068 ‚
1392 3035 1507 3072 quam
1533 3025 1613 3058 Deo
1635 3029 1793 3057 auctore
1818 3021 1900 3071 ipse
1920 3020 2077 3057 sortitus
2097 3028 2153 3056 est
2167 3048 2177 3066 ,

83 3080 171 3117 ¹²Vi-
1157 3084 1279 3135 ipsius
1302 3082 1485 3119 Ecclesiae
1509 3081 1646 3119 vadiae
1665 3090 1864 3132 terrasque
1882 3080 2122 3126 distraxerit,
2141 3088 2178 3116 et

130 3218 140 3234 ¹
154 3216 230 3245 Luc.
246 3226 328 3254 vm,
350 3219 405 3248 15.
423 3235 467 3239 --
485 3224 498 3239 ²
513 3221 528 3248 I
541 3220 615 3250 Cor.
636 3229 698 3256 111,
719 3221 752 3249 8.

127 3275 140 3290 ⁸
155 3274 273 3317 Scripta
291 3275 372 3307 circa
389 3287 507 3308 annum
532 3280 634 3311 1139.
656 3297 702 3302 -—
720 3270 736 3294 h
753 3278 911 3310 Nimirum
927 3281 1123 3311 Samsonem.
1144 3296 1177 3301 —-
1202 3284 1215 3300 ς
1237 3278 1358 3321 Scripta
1374 3278 1456 3309 circa
1473 3288 1591 3309 annum
1615 3280 1714 3309 1139.

127 3326 142 3348 ‘¹
162 3327 379 3369 Theobaldus,
397 3337 489 3363 antea
513 3332 677 3364 Beccensis
693 3332 803 3364 abhas.
822 3353 867 3357 —-
881 3339 896 3354 θ
918 3333 952 3364 Id
967 3340 1013 3365 est
1036 3333 1167 3376 pignora
1181 3344 1234 3364 seu
1254 3332 1460 3376 hypothecas.
