<?xml version="1.0" encoding="UTF-8"?>
<!DOCTYPE html PUBLIC "-//W3C//DTD XHTML 1.0 Transitional//EN"
    "http://www.w3.org/TR/xhtml1/DTD/xhtml1-transitional.dtd">
<html xmlns="http://www.w3.org/1999/xhtml" xml:lang="en" lang="en">
 <head>
  <title>
</title>
<meta http-equiv="Content-Type" content="text/html;charset=utf-8" />
  <meta name='ocr-system' content='tesseract 3.04.00' />
  <meta name='ocr-capabilities' content='ocr_page ocr_carea ocr_par ocr_line ocrx_word'/>
</head>
<body>
  <div class='ocr_page' id='page_1' title='image "./operaomniapostho01bernuoft/operaomniapostho01bernuoft_0658.png"; bbox 0 0 2517 3920; ppageno 0'>
   <div class='ocr_carea' id='block_1_1' title="bbox 323 236 426 273">
    <p class='ocr_par' dir='ltr' id='par_1_1' title="bbox 323 236 426 273">
     <span class='ocr_line' id='line_1_1' title="bbox 323 236 426 273; baseline -0.019 -1"><span class='ocrx_word' id='word_1_1' title='bbox 323 236 426 273; x_wconf 67' lang='lat'><strong>1295)</strong></span> 
     </span>
    </p>
   </div>
   <div class='ocr_carea' id='block_1_2' title="bbox 324 310 1330 362">
    <p class='ocr_par' dir='ltr' id='par_1_2' title="bbox 324 310 1330 362">
     <span class='ocr_line' id='line_1_2' title="bbox 324 310 1330 362; baseline -0.003 -13"><span class='ocrx_word' id='word_1_2' title='bbox 324 317 422 349; x_wconf 67' lang='lat' dir='ltr'>Deus</span> <span class='ocrx_word' id='word_1_3' title='bbox 442 315 584 349; x_wconf 71' lang='lat' dir='ltr'>Filium</span> <span class='ocrx_word' id='word_1_4' title='bbox 604 325 712 348; x_wconf 73' lang='lat' dir='ltr'>suum</span> <span class='ocrx_word' id='word_1_5' title='bbox 733 317 756 349; x_wconf 87' lang='lat'>¹.</span> <span class='ocrx_word' id='word_1_6' title='bbox 775 315 820 349; x_wconf 90' lang='lat' dir='ltr'>Et</span> <span class='ocrx_word' id='word_1_7' title='bbox 844 311 924 362; x_wconf 87' lang='lat' dir='ltr'>ipse</span> <span class='ocrx_word' id='word_1_8' title='bbox 946 311 1061 350; x_wconf 89' lang='lat' dir='ltr'>Filius</span> <span class='ocrx_word' id='word_1_9' title='bbox 1086 312 1257 361; x_wconf 87' lang='lat' dir='ltr'>loquitur</span> <span class='ocrx_word' id='word_1_10' title='bbox 1285 310 1330 346; x_wconf 88' lang='grc'>(16</span> 
     </span>
    </p>
   </div>
   <div class='ocr_carea' id='block_1_3' title="bbox 1103 232 1653 271">
    <p class='ocr_par' dir='ltr' id='par_1_3' title="bbox 1103 232 1653 271">
     <span class='ocr_line' id='line_1_3' title="bbox 1103 232 1653 271; baseline -0.007 0"><span class='ocrx_word' id='word_1_11' title='bbox 1103 237 1138 271; x_wconf 87' lang='lat' dir='ltr'>S.</span> <span class='ocrx_word' id='word_1_12' title='bbox 1170 233 1423 270; x_wconf 74' lang='lat' dir='ltr'>BERNARDI</span> <span class='ocrx_word' id='word_1_13' title='bbox 1453 232 1653 267; x_wconf 88' lang='lat' dir='ltr'>ABBATIS</span> 
     </span>
    </p>
   </div>
   <div class='ocr_carea' id='block_1_4' title="bbox 1342 308 1392 326">
    <p class='ocr_par' dir='ltr' id='par_1_4' title="bbox 1342 308 1392 326">
     <span class='ocr_line' id='line_1_4' title="bbox 1342 308 1392 326; baseline 0 0"><span class='ocrx_word' id='word_1_14' title='bbox 1342 308 1392 326; x_wconf 70' lang='lat'>589</span> 
     </span>
    </p>
   </div>
   <div class='ocr_carea' id='block_1_5' title="bbox 2307 235 2405 273">
    <p class='ocr_par' dir='ltr' id='par_1_5' title="bbox 2307 235 2405 273">
     <span class='ocr_line' id='line_1_5' title="bbox 2307 235 2405 273; baseline 0.02 -2"><span class='ocrx_word' id='word_1_15' title='bbox 2307 235 2320 271; x_wconf 93' lang='lat'>1</span> <span class='ocrx_word' id='word_1_16' title='bbox 2330 236 2405 273; x_wconf 82' lang='lat'>300</span> 
     </span>
    </p>
   </div>
   <div class='ocr_carea' id='block_1_6' title="bbox 1402 306 2404 358">
    <p class='ocr_par' dir='ltr' id='par_1_6' title="bbox 1402 306 2404 358">
     <span class='ocr_line' id='line_1_6' title="bbox 1402 306 2404 358; baseline 0.004 -14"><span class='ocrx_word' id='word_1_17' title='bbox 1402 308 1494 344; x_wconf 88' lang='lat' dir='ltr'>dent</span> <span class='ocrx_word' id='word_1_18' title='bbox 1515 306 1666 344; x_wconf 77' lang='lat' dir='ltr'>veritati</span> <span class='ocrx_word' id='word_1_19' title='bbox 1684 335 1693 352; x_wconf 89' lang='lat'>‚</span> <span class='ocrx_word' id='word_1_20' title='bbox 1715 313 1752 342; x_wconf 86' lang='lat' dir='ltr'>ct</span> <span class='ocrx_word' id='word_1_21' title='bbox 1771 306 1962 356; x_wconf 85' lang='lat' dir='ltr'>psallunt,</span> <span class='ocrx_word' id='word_1_22' title='bbox 1980 310 2076 343; x_wconf 82' lang='lat' dir='ltr'>Ecce</span> <span class='ocrx_word' id='word_1_23' title='bbox 2105 322 2216 356; x_wconf 79' lang='lat' dir='ltr'>quam</span> <span class='ocrx_word' id='word_1_24' title='bbox 2245 310 2404 358; x_wconf 74' lang='lat' dir='ltr'>honum,</span> 
     </span>
    </p>
   </div>
   <div class='ocr_carea' id='block_1_7' title="bbox 323 366 2454 422">
    <p class='ocr_par' dir='ltr' id='par_1_7' title="bbox 323 366 2454 422">
     <span class='ocr_line' id='line_1_7' title="bbox 323 366 2454 422; baseline -0.002 -13"><span class='ocrx_word' id='word_1_25' title='bbox 323 387 383 420; x_wconf 78' lang='lat' dir='ltr'>se,</span> <span class='ocrx_word' id='word_1_26' title='bbox 403 374 562 422; x_wconf 76' lang='lat' dir='ltr'>Spiritus</span> <span class='ocrx_word' id='word_1_27' title='bbox 582 375 738 408; x_wconf 79' lang='lat' dir='ltr'><em>Domini</em></span> <span class='ocrx_word' id='word_1_28' title='bbox 763 376 863 408; x_wconf 75' lang='lat' dir='ltr'>misit</span> <span class='ocrx_word' id='word_1_29' title='bbox 883 386 941 408; x_wconf 77' lang='lat' dir='ltr'>me</span> <span class='ocrx_word' id='word_1_30' title='bbox 955 377 979 408; x_wconf 78' lang='lat'>².</span> <span class='ocrx_word' id='word_1_31' title='bbox 997 375 1043 408; x_wconf 90' lang='lat' dir='ltr'>Et</span> <span class='ocrx_word' id='word_1_32' title='bbox 1068 384 1137 421; x_wconf 88' lang='lat' dir='ltr'>per</span> <span class='ocrx_word' id='word_1_33' title='bbox 1154 370 1329 408; x_wconf 85' lang='lat' dir='ltr'>eumdem</span> <span class='ocrx_word' id='word_1_34' title='bbox 1349 371 1381 404; x_wconf 96' lang='lat' dir='ltr'><strong>A</strong></span> <span class='ocrx_word' id='word_1_35' title='bbox 1397 378 1435 404; x_wconf 81' lang='lat' dir='ltr'>et</span> <span class='ocrx_word' id='word_1_36' title='bbox 1452 382 1564 416; x_wconf 77' lang='lat' dir='ltr'>quam</span> <span class='ocrx_word' id='word_1_37' title='bbox 1580 368 1792 413; x_wconf 74' lang='lat' dir='ltr'>jacmzclmn</span> <span class='ocrx_word' id='word_1_38' title='bbox 1815 366 1986 403; x_wconf 78' lang='lat' dir='ltr'>habitare</span> <span class='ocrx_word' id='word_1_39' title='bbox 1996 366 2140 415; x_wconf 60' lang='lat' dir='ltr'>finires</span> <span class='ocrx_word' id='word_1_40' title='bbox 2160 372 2197 405; x_wconf 81' lang='lat' dir='ltr'>in</span> <span class='ocrx_word' id='word_1_41' title='bbox 2226 384 2336 407; x_wconf 80' lang='lat' dir='ltr'>mmm</span> <span class='ocrx_word' id='word_1_42' title='bbox 2349 371 2380 394; x_wconf 80' lang='lat'>¹⁶</span> <span class='ocrx_word' id='word_1_43' title='bbox 2397 375 2404 408; x_wconf 89' lang='lat'>!</span> <span class='ocrx_word' id='word_1_44' title='bbox 2452 406 2454 408; x_wconf 74' lang='grc'>,</span> 
     </span>
    </p>
   </div>
   <div class='ocr_carea' id='block_1_8' title="bbox 315 432 1336 1021">
    <p class='ocr_par' dir='ltr' id='par_1_8' title="bbox 315 432 1336 1021">
     <span class='ocr_line' id='line_1_8' title="bbox 322 432 1333 483; baseline -0.004 -14"><span class='ocrx_word' id='word_1_45' title='bbox 322 433 552 483; x_wconf 86' lang='lat' dir='ltr'>prophetam</span> <span class='ocrx_word' id='word_1_46' title='bbox 570 448 578 470; x_wconf 91' lang='lat'>:</span> <span class='ocrx_word' id='word_1_47' title='bbox 596 435 648 468; x_wconf 80' lang='lat' dir='ltr'>Et</span> <span class='ocrx_word' id='word_1_48' title='bbox 663 446 781 476; x_wconf 72' lang='lat' dir='ltr'>nunc,</span> <span class='ocrx_word' id='word_1_49' title='bbox 798 432 940 481; x_wconf 87' lang='lat' dir='ltr'>inquit,</span> <span class='ocrx_word' id='word_1_50' title='bbox 959 434 1141 467; x_wconf 76' lang='lat' dir='ltr'><em>Dominus</em></span> <span class='ocrx_word' id='word_1_51' title='bbox 1159 434 1260 467; x_wconf 81' lang='lat' dir='ltr'>misit</span> <span class='ocrx_word' id='word_1_52' title='bbox 1276 443 1333 465; x_wconf 72' lang='lat' dir='ltr'>me</span> 
     </span>
     <span class='ocr_line' id='line_1_9' title="bbox 323 491 1330 542; baseline -0.002 -13"><span class='ocrx_word' id='word_1_53' title='bbox 323 503 360 529; x_wconf 80' lang='lat' dir='ltr'>et</span> <span class='ocrx_word' id='word_1_54' title='bbox 382 496 546 542; x_wconf 74' lang='lat' dir='ltr'>Spiritus</span> <span class='ocrx_word' id='word_1_55' title='bbox 574 494 652 540; x_wconf 74' lang='lat' dir='ltr'>ejus</span> <span class='ocrx_word' id='word_1_56' title='bbox 666 491 693 530; x_wconf 78' lang='lat'>3.</span> <span class='ocrx_word' id='word_1_57' title='bbox 720 496 823 542; x_wconf 80' lang='lat' dir='ltr'>Lego</span> <span class='ocrx_word' id='word_1_58' title='bbox 852 501 889 529; x_wconf 87' lang='lat' dir='ltr'>et</span> <span class='ocrx_word' id='word_1_59' title='bbox 920 492 966 528; x_wconf 86' lang='lat' dir='ltr'>de</span> <span class='ocrx_word' id='word_1_60' title='bbox 996 492 1139 542; x_wconf 76' lang='lat' dir='ltr'>Spiritu</span> <span class='ocrx_word' id='word_1_61' title='bbox 1176 499 1330 535; x_wconf 74' lang='lat' dir='ltr'>sanem,</span> 
     </span>
     <span class='ocr_line' id='line_1_10' title="bbox 323 555 1331 603; baseline -0.003 -13"><span class='ocrx_word' id='word_1_62' title='bbox 323 556 537 590; x_wconf 80' lang='lat' dir='ltr'>Paraclitus</span> <span class='ocrx_word' id='word_1_63' title='bbox 554 563 677 590; x_wconf 80' lang='lat' dir='ltr'>autem</span> <span class='ocrx_word' id='word_1_64' title='bbox 700 555 864 603; x_wconf 75' lang='lat' dir='ltr'><em>Spiritus</em></span> <span class='ocrx_word' id='word_1_65' title='bbox 883 562 1054 597; x_wconf 73' lang='lat' dir='ltr'>sanctus,</span> <span class='ocrx_word' id='word_1_66' title='bbox 1078 566 1188 601; x_wconf 74' lang='lat' dir='ltr'>quem</span> <span class='ocrx_word' id='word_1_67' title='bbox 1210 557 1331 588; x_wconf 77' lang='lat' dir='ltr'>mittet</span> 
     </span>
     <span class='ocr_line' id='line_1_11' title="bbox 323 613 1333 661; baseline -0.003 -11"><span class='ocrx_word' id='word_1_68' title='bbox 323 616 444 650; x_wconf 79' lang='lat' dir='ltr'>Pater</span> <span class='ocrx_word' id='word_1_69' title='bbox 469 618 506 650; x_wconf 85' lang='lat' dir='ltr'>in</span> <span class='ocrx_word' id='word_1_70' title='bbox 539 618 692 649; x_wconf 76' lang='lat' dir='ltr'>nomine</span> <span class='ocrx_word' id='word_1_71' title='bbox 723 627 802 649; x_wconf 76' lang='lat' dir='ltr'>meo</span> <span class='ocrx_word' id='word_1_72' title='bbox 830 613 844 639; x_wconf 68' lang='lat'>4</span> <span class='ocrx_word' id='word_1_73' title='bbox 868 627 874 649; x_wconf 76' lang='grc' dir='ltr'>ε</span> <span class='ocrx_word' id='word_1_74' title='bbox 899 621 957 658; x_wconf 86' lang='lat' dir='ltr'>ct,</span> <span class='ocrx_word' id='word_1_75' title='bbox 997 614 1084 648; x_wconf 77' lang='lat' dir='ltr'>Cum</span> <span class='ocrx_word' id='word_1_76' title='bbox 1120 621 1333 661; x_wconf 72' lang='lat' dir='ltr'>asswnpttcs</span> 
     </span>
     <span class='ocr_line' id='line_1_12' title="bbox 315 671 1332 722; baseline -0.002 -12"><span class='ocrx_word' id='word_1_77' title='bbox 315 673 443 722; x_wconf 69' lang='lat' dir='ltr'>fuero,</span> <span class='ocrx_word' id='word_1_78' title='bbox 464 678 607 710; x_wconf 76' lang='lat' dir='ltr'>mittam</span> <span class='ocrx_word' id='word_1_79' title='bbox 639 673 747 709; x_wconf 77' lang='lat' dir='ltr'>vobis</span> <span class='ocrx_word' id='word_1_80' title='bbox 777 671 899 719; x_wconf 74' lang='lat' dir='ltr'>eic1n5,</span> <span class='ocrx_word' id='word_1_81' title='bbox 920 671 1022 708; x_wconf 89' lang='lat' dir='ltr'>haud</span> <span class='ocrx_word' id='word_1_82' title='bbox 1053 671 1212 708; x_wconf 82' lang='lat' dir='ltr'>dubium</span> <span class='ocrx_word' id='word_1_83' title='bbox 1239 672 1332 721; x_wconf 90' lang='lat' dir='ltr'>quin</span> 
     </span>
     <span class='ocr_line' id='line_1_13' title="bbox 323 733 1332 783; baseline -0.004 -12"><span class='ocrx_word' id='word_1_84' title='bbox 323 734 507 783; x_wconf 87' lang='lat' dir='ltr'>Spiritum</span> <span class='ocrx_word' id='word_1_85' title='bbox 536 741 722 770; x_wconf 88' lang='lat' dir='ltr'>sanctum.</span> <span class='ocrx_word' id='word_1_86' title='bbox 749 737 898 769; x_wconf 85' lang='lat' dir='ltr'>Patrem</span> <span class='ocrx_word' id='word_1_87' title='bbox 932 740 1057 768; x_wconf 83' lang='lat' dir='ltr'>autem</span> <span class='ocrx_word' id='word_1_88' title='bbox 1085 733 1124 768; x_wconf 90' lang='lat' dir='ltr'>in</span> <span class='ocrx_word' id='word_1_89' title='bbox 1154 745 1219 768; x_wconf 89' lang='lat' dir='ltr'>sua</span> <span class='ocrx_word' id='word_1_90' title='bbox 1242 745 1332 781; x_wconf 92' lang='lat' dir='ltr'>per-</span> 
     </span>
     <span class='ocr_line' id='line_1_14' title="bbox 323 793 1332 843; baseline -0.003 -12"><span class='ocrx_word' id='word_1_91' title='bbox 323 807 440 841; x_wconf 84' lang='lat' dir='ltr'>sona,</span> <span class='ocrx_word' id='word_1_92' title='bbox 470 795 558 831; x_wconf 89' lang='lat' dir='ltr'>licet</span> <span class='ocrx_word' id='word_1_93' title='bbox 579 807 767 843; x_wconf 79' lang='lat' dir='ltr'>nusquam</span> <span class='ocrx_word' id='word_1_94' title='bbox 790 806 867 829; x_wconf 88' lang='lat' dir='ltr'>non</span> <span class='ocrx_word' id='word_1_95' title='bbox 890 793 963 839; x_wconf 87' lang='lat' dir='ltr'>sit,</span> <span class='ocrx_word' id='word_1_96' title='bbox 983 805 1170 841; x_wconf 82' lang='lat' dir='ltr'>nusquam</span> <span class='ocrx_word' id='word_1_97' title='bbox 1207 801 1332 829; x_wconf 83' lang='lat' dir='ltr'>tamen</span> 
     </span>
     <span class='ocr_line' id='line_1_15' title="bbox 322 851 1336 900; baseline -0.004 -10"><span class='ocrx_word' id='word_1_98' title='bbox 322 854 478 890; x_wconf 86' lang='lat' dir='ltr'>invenio</span> <span class='ocrx_word' id='word_1_99' title='bbox 497 853 569 889; x_wconf 89' lang='lat' dir='ltr'>nisi</span> <span class='ocrx_word' id='word_1_100' title='bbox 595 853 633 889; x_wconf 88' lang='lat' dir='ltr'>in</span> <span class='ocrx_word' id='word_1_101' title='bbox 651 853 768 899; x_wconf 86' lang='lat' dir='ltr'>coelis,</span> <span class='ocrx_word' id='word_1_102' title='bbox 790 861 830 888; x_wconf 88' lang='lat' dir='ltr'>ut</span> <span class='ocrx_word' id='word_1_103' title='bbox 848 853 886 888; x_wconf 89' lang='lat' dir='ltr'>in</span> <span class='ocrx_word' id='word_1_104' title='bbox 909 851 1137 900; x_wconf 74' lang='lat' dir='ltr'>Evangelio,</span> <span class='ocrx_word' id='word_1_105' title='bbox 1156 854 1207 887; x_wconf 76' lang='lat' dir='ltr'>Et</span> <span class='ocrx_word' id='word_1_106' title='bbox 1220 854 1336 887; x_wconf 78' lang='lat' dir='ltr'>Pater</span> 
     </span>
     <span class='ocr_line' id='line_1_16' title="bbox 323 910 1336 961; baseline -0.001 -13"><span class='ocrx_word' id='word_1_107' title='bbox 323 927 426 949; x_wconf 76' lang='lat' dir='ltr'>meus</span> <span class='ocrx_word' id='word_1_108' title='bbox 449 918 516 961; x_wconf 77' lang='lat' dir='ltr'>qui</span> <span class='ocrx_word' id='word_1_109' title='bbox 544 917 582 948; x_wconf 78' lang='lat' dir='ltr'>in</span> <span class='ocrx_word' id='word_1_110' title='bbox 611 915 713 948; x_wconf 76' lang='lat' dir='ltr'>coelis</span> <span class='ocrx_word' id='word_1_111' title='bbox 740 921 794 947; x_wconf 80' lang='lat' dir='ltr'>est</span> <span class='ocrx_word' id='word_1_112' title='bbox 812 910 826 932; x_wconf 72' lang='lat'>‘⁵</span> <span class='ocrx_word' id='word_1_113' title='bbox 848 926 855 947; x_wconf 90' lang='lat'>:</span> <span class='ocrx_word' id='word_1_114' title='bbox 879 920 916 947; x_wconf 81' lang='lat' dir='ltr'>et</span> <span class='ocrx_word' id='word_1_115' title='bbox 938 912 977 948; x_wconf 90' lang='lat' dir='ltr'>in</span> <span class='ocrx_word' id='word_1_116' title='bbox 998 912 1171 948; x_wconf 88' lang='lat' dir='ltr'>oratione</span> <span class='ocrx_word' id='word_1_117' title='bbox 1186 940 1195 957; x_wconf 84' lang='lat'>,</span> <span class='ocrx_word' id='word_1_118' title='bbox 1218 913 1336 947; x_wconf 74' lang='lat' dir='ltr'>Pater</span> 
     </span>
     <span class='ocr_line' id='line_1_17' title="bbox 323 974 811 1021; baseline 0 -14"><span class='ocrx_word' id='word_1_119' title='bbox 323 982 447 1009; x_wconf 76' lang='lat' dir='ltr'>noster</span> <span class='ocrx_word' id='word_1_120' title='bbox 465 977 529 1021; x_wconf 74' lang='lat' dir='ltr'>qai</span> <span class='ocrx_word' id='word_1_121' title='bbox 550 986 587 1007; x_wconf 77' lang='lat' dir='ltr'>es</span> <span class='ocrx_word' id='word_1_122' title='bbox 603 976 642 1008; x_wconf 78' lang='lat' dir='ltr'>in</span> <span class='ocrx_word' id='word_1_123' title='bbox 665 974 771 1007; x_wconf 79' lang='lat' dir='ltr'>coelis</span> <span class='ocrx_word' id='word_1_124' title='bbox 784 978 811 1007; x_wconf 87' lang='lat'>7.</span> 
     </span>
    </p>
   </div>
   <div class='ocr_carea' id='block_1_9' title="bbox 376 1025 1377 1081">
    <p class='ocr_par' dir='ltr' id='par_1_9' title="bbox 376 1025 1377 1081">
     <span class='ocr_line' id='line_1_18' title="bbox 376 1025 1377 1081; baseline -0.001 -12"><span class='ocrx_word' id='word_1_125' title='bbox 376 1033 437 1069; x_wconf 82' lang='lat'>23.</span> <span class='ocrx_word' id='word_1_126' title='bbox 459 1031 570 1069; x_wconf 84' lang='lat' dir='ltr'><strong>Unde</strong></span> <span class='ocrx_word' id='word_1_127' title='bbox 591 1031 772 1068; x_wconf 86' lang='lat' dir='ltr'>nimirum</span> <span class='ocrx_word' id='word_1_128' title='bbox 799 1030 960 1080; x_wconf 83' lang='lat' dir='ltr'>colligo,</span> <span class='ocrx_word' id='word_1_129' title='bbox 978 1030 1082 1081; x_wconf 92' lang='lat' dir='ltr'>quod</span> <span class='ocrx_word' id='word_1_130' title='bbox 1108 1031 1197 1080; x_wconf 88' lang='lat' dir='ltr'>quia</span> <span class='ocrx_word' id='word_1_131' title='bbox 1220 1034 1331 1068; x_wconf 89' lang='lat' dir='ltr'>Pater</span> <span class='ocrx_word' id='word_1_132' title='bbox 1349 1025 1377 1059; x_wconf 85' lang='grc' dir='ltr'>Β</span> 
     </span>
    </p>
   </div>
   <div class='ocr_carea' id='block_1_10' title="bbox 319 1091 1334 1806">
    <p class='ocr_par' dir='ltr' id='par_1_10' title="bbox 319 1091 1334 1806">
     <span class='ocr_line' id='line_1_19' title="bbox 321 1091 1331 1141; baseline -0.001 -12"><span class='ocrx_word' id='word_1_133' title='bbox 321 1106 400 1129; x_wconf 85' lang='grc'>11011</span> <span class='ocrx_word' id='word_1_134' title='bbox 429 1091 644 1137; x_wconf 84' lang='lat' dir='ltr'>descendit,</span> <span class='ocrx_word' id='word_1_135' title='bbox 671 1092 877 1141; x_wconf 78' lang='lat' dir='ltr'>Apostolus</span> <span class='ocrx_word' id='word_1_136' title='bbox 908 1100 949 1127; x_wconf 89' lang='lat' dir='ltr'>ut</span> <span class='ocrx_word' id='word_1_137' title='bbox 977 1105 1064 1127; x_wconf 87' lang='lat' dir='ltr'>eum</span> <span class='ocrx_word' id='word_1_138' title='bbox 1093 1091 1265 1137; x_wconf 76' lang='lat' dir='ltr'>videret,</span> <span class='ocrx_word' id='word_1_139' title='bbox 1283 1092 1331 1128; x_wconf 85' lang='lat' dir='ltr'>ad</span> 
     </span>
     <span class='ocr_line' id='line_1_20' title="bbox 322 1150 1328 1201; baseline -0.002 -12"><span class='ocrx_word' id='word_1_140' title='bbox 322 1152 476 1189; x_wconf 87' lang='lat' dir='ltr'>tertium</span> <span class='ocrx_word' id='word_1_141' title='bbox 503 1151 641 1188; x_wconf 78' lang='lat' dir='ltr'>coelum</span> <span class='ocrx_word' id='word_1_142' title='bbox 668 1150 873 1188; x_wconf 82' lang='lat' dir='ltr'>ascendere</span> <span class='ocrx_word' id='word_1_143' title='bbox 900 1151 1056 1200; x_wconf 88' lang='lat' dir='ltr'>quidem</span> <span class='ocrx_word' id='word_1_144' title='bbox 1079 1165 1157 1188; x_wconf 90' lang='lat' dir='ltr'>non</span> <span class='ocrx_word' id='word_1_145' title='bbox 1179 1151 1328 1201; x_wconf 87' lang='lat' dir='ltr'>potuit,</span> 
     </span>
     <span class='ocr_line' id='line_1_21' title="bbox 319 1211 1330 1263; baseline -0.002 -14"><span class='ocrx_word' id='word_1_146' title='bbox 319 1226 397 1263; x_wconf 89' lang='lat' dir='ltr'>quo</span> <span class='ocrx_word' id='word_1_147' title='bbox 432 1221 557 1248; x_wconf 87' lang='lat' dir='ltr'>tamen</span> <span class='ocrx_word' id='word_1_148' title='bbox 592 1224 630 1247; x_wconf 86' lang='lat' dir='ltr'>se</span> <span class='ocrx_word' id='word_1_149' title='bbox 665 1220 817 1261; x_wconf 85' lang='lat' dir='ltr'>raptum</span> <span class='ocrx_word' id='word_1_150' title='bbox 852 1212 1091 1248; x_wconf 63' lang='lat' dir='ltr'>memoravit.</span> <span class='ocrx_word' id='word_1_151' title='bbox 1127 1211 1302 1261; x_wconf 83' lang='lat' dir='ltr'>Denique</span> <span class='ocrx_word' id='word_1_152' title='bbox 1320 1241 1330 1258; x_wconf 91' lang='lat'>,</span> 
     </span>
     <span class='ocr_line' id='line_1_22' title="bbox 322 1273 1334 1319; baseline -0.003 -10"><span class='ocrx_word' id='word_1_153' title='bbox 322 1276 441 1311; x_wconf 81' lang='lat' dir='ltr'>Nemo</span> <span class='ocrx_word' id='word_1_154' title='bbox 462 1274 632 1308; x_wconf 73' lang='lat' dir='ltr'>ascendit</span> <span class='ocrx_word' id='word_1_155' title='bbox 651 1276 690 1308; x_wconf 80' lang='lat' dir='ltr'>in</span> <span class='ocrx_word' id='word_1_156' title='bbox 713 1274 847 1307; x_wconf 77' lang='lat' dir='ltr'>coelam</span> <span class='ocrx_word' id='word_1_157' title='bbox 860 1301 871 1317; x_wconf 87' lang='lat'>,</span> <span class='ocrx_word' id='word_1_158' title='bbox 894 1273 967 1307; x_wconf 81' lang='lat' dir='ltr'>nisi</span> <span class='ocrx_word' id='word_1_159' title='bbox 987 1275 1053 1319; x_wconf 77' lang='lat' dir='ltr'>qni</span> <span class='ocrx_word' id='word_1_160' title='bbox 1078 1273 1271 1307; x_wconf 77' lang='lat' dir='ltr'>descendit</span> <span class='ocrx_word' id='word_1_161' title='bbox 1287 1273 1334 1306; x_wconf 73' lang='lat' dir='ltr'>(le</span> 
     </span>
     <span class='ocr_line' id='line_1_23' title="bbox 321 1331 1333 1381; baseline -0.003 -11"><span class='ocrx_word' id='word_1_162' title='bbox 321 1337 412 1370; x_wconf 72' lang='lat' dir='ltr'>coelo</span> <span class='ocrx_word' id='word_1_163' title='bbox 429 1336 546 1369; x_wconf 81' lang='lat' dir='ltr'>Filius</span> <span class='ocrx_word' id='word_1_164' title='bbox 564 1333 727 1368; x_wconf 78' lang='lat' dir='ltr'>hominis</span> <span class='ocrx_word' id='word_1_165' title='bbox 743 1331 770 1367; x_wconf 73' lang='lat'>3.</span> <span class='ocrx_word' id='word_1_166' title='bbox 795 1335 843 1368; x_wconf 84' lang='lat' dir='ltr'>Et</span> <span class='ocrx_word' id='word_1_167' title='bbox 866 1345 913 1367; x_wconf 89' lang='lat' dir='ltr'>ne</span> <span class='ocrx_word' id='word_1_168' title='bbox 930 1340 1040 1381; x_wconf 87' lang='lat' dir='ltr'>putes</span> <span class='ocrx_word' id='word_1_169' title='bbox 1063 1331 1110 1367; x_wconf 92' lang='lat' dir='ltr'>de</span> <span class='ocrx_word' id='word_1_170' title='bbox 1130 1331 1256 1381; x_wconf 84' lang='lat' dir='ltr'>primo</span> <span class='ocrx_word' id='word_1_171' title='bbox 1274 1331 1333 1367; x_wconf 88' lang='lat' dir='ltr'>di-</span> 
     </span>
     <span class='ocr_line' id='line_1_24' title="bbox 320 1391 1330 1440; baseline -0.003 -10"><span class='ocrx_word' id='word_1_172' title='bbox 320 1403 423 1431; x_wconf 76' lang='grc'>610111</span> <span class='ocrx_word' id='word_1_173' title='bbox 452 1394 511 1430; x_wconf 68' lang='lat' dir='ltr'>vel</span> <span class='ocrx_word' id='word_1_174' title='bbox 539 1393 727 1440; x_wconf 85' lang='lat' dir='ltr'>secundo,</span> <span class='ocrx_word' id='word_1_175' title='bbox 745 1392 836 1429; x_wconf 86' lang='lat' dir='ltr'>dicit</span> <span class='ocrx_word' id='word_1_176' title='bbox 862 1391 928 1428; x_wconf 91' lang='lat' dir='ltr'>tibi</span> <span class='ocrx_word' id='word_1_177' title='bbox 949 1391 1070 1429; x_wconf 86' lang='lat' dir='ltr'>David</span> <span class='ocrx_word' id='word_1_178' title='bbox 1098 1406 1104 1427; x_wconf 77' lang='grc' dir='ltr'>ε</span> <span class='ocrx_word' id='word_1_179' title='bbox 1132 1395 1167 1428; x_wconf 83' lang='grc' dir='ltr'><em>Α</em></span> <span class='ocrx_word' id='word_1_180' title='bbox 1186 1406 1330 1428; x_wconf 71' lang='lat' dir='ltr'>summo</span> 
     </span>
     <span class='ocr_line' id='line_1_25' title="bbox 322 1451 1328 1503; baseline -0.002 -12"><span class='ocrx_word' id='word_1_181' title='bbox 322 1458 414 1491; x_wconf 79' lang='lat' dir='ltr'>coelo</span> <span class='ocrx_word' id='word_1_182' title='bbox 435 1459 594 1503; x_wconf 77' lang='lat' dir='ltr'>egressio</span> <span class='ocrx_word' id='word_1_183' title='bbox 613 1455 692 1500; x_wconf 77' lang='lat' dir='ltr'>ejus</span> <span class='ocrx_word' id='word_1_184' title='bbox 707 1461 733 1490; x_wconf 76' lang='lat'>9.</span> <span class='ocrx_word' id='word_1_185' title='bbox 748 1453 806 1491; x_wconf 88' lang='lat' dir='ltr'>Ad</span> <span class='ocrx_word' id='word_1_186' title='bbox 825 1453 930 1502; x_wconf 89' lang='lat' dir='ltr'>quod</span> <span class='ocrx_word' id='word_1_187' title='bbox 947 1453 1083 1489; x_wconf 86' lang='lat' dir='ltr'>iterum</span> <span class='ocrx_word' id='word_1_188' title='bbox 1105 1466 1184 1489; x_wconf 90' lang='lat' dir='ltr'>non</span> <span class='ocrx_word' id='word_1_189' title='bbox 1202 1451 1328 1489; x_wconf 90' lang='lat' dir='ltr'>subito</span> 
     </span>
     <span class='ocr_line' id='line_1_26' title="bbox 324 1513 1326 1565; baseline -0.003 -13"><span class='ocrx_word' id='word_1_190' title='bbox 324 1524 477 1565; x_wconf 86' lang='lat' dir='ltr'>raptus,</span> <span class='ocrx_word' id='word_1_191' title='bbox 502 1527 580 1551; x_wconf 92' lang='lat' dir='ltr'>non</span> <span class='ocrx_word' id='word_1_192' title='bbox 610 1514 737 1551; x_wconf 82' lang='lat' dir='ltr'>furtim</span> <span class='ocrx_word' id='word_1_193' title='bbox 767 1513 956 1559; x_wconf 86' lang='lat' dir='ltr'>sublatus,</span> <span class='ocrx_word' id='word_1_194' title='bbox 980 1513 1064 1560; x_wconf 89' lang='lat' dir='ltr'>sed,</span> <span class='ocrx_word' id='word_1_195' title='bbox 1090 1513 1326 1559; x_wconf 68' lang='lat' dir='ltr'>I&#39;izlentilucs,</span> 
     </span>
     <span class='ocr_line' id='line_1_27' title="bbox 324 1574 1326 1624; baseline 0 -13"><span class='ocrx_word' id='word_1_196' title='bbox 324 1575 471 1624; x_wconf 85' lang='lat' dir='ltr'>inquit,</span> <span class='ocrx_word' id='word_1_197' title='bbox 503 1577 601 1619; x_wconf 84' lang='lat' dir='ltr'>illis,</span> <span class='ocrx_word' id='word_1_198' title='bbox 629 1574 667 1610; x_wconf 90' lang='lat' dir='ltr'>id</span> <span class='ocrx_word' id='word_1_199' title='bbox 698 1583 754 1611; x_wconf 82' lang='lat' dir='ltr'>est</span> <span class='ocrx_word' id='word_1_200' title='bbox 782 1575 997 1624; x_wconf 84' lang='lat' dir='ltr'>Apostolis,</span> <span class='ocrx_word' id='word_1_201' title='bbox 1026 1577 1182 1610; x_wconf 65' lang='lat' dir='ltr'>elevatus</span> <span class='ocrx_word' id='word_1_202' title='bbox 1213 1584 1265 1610; x_wconf 76' lang='lat' dir='ltr'>esc</span> <span class='ocrx_word' id='word_1_203' title='bbox 1284 1581 1326 1611; x_wconf 83' lang='lat'>¹⁰.</span> 
     </span>
     <span class='ocr_line' id='line_1_28' title="bbox 323 1635 1328 1684; baseline -0.001 -12"><span class='ocrx_word' id='word_1_204' title='bbox 323 1639 409 1672; x_wconf 71' lang='lat' dir='ltr'>Non</span> <span class='ocrx_word' id='word_1_205' title='bbox 432 1636 528 1672; x_wconf 89' lang='lat' dir='ltr'>sicut</span> <span class='ocrx_word' id='word_1_206' title='bbox 543 1636 641 1672; x_wconf 84' lang='lat' dir='ltr'>Elias</span> <span class='ocrx_word' id='word_1_207' title='bbox 654 1665 663 1682; x_wconf 86' lang='lat'>,</span> <span class='ocrx_word' id='word_1_208' title='bbox 678 1635 744 1684; x_wconf 88' lang='lat' dir='ltr'>qui</span> <span class='ocrx_word' id='word_1_209' title='bbox 763 1641 941 1680; x_wconf 73' lang='lat' dir='ltr'>unum³13</span> <span class='ocrx_word' id='word_1_210' title='bbox 960 1648 1038 1670; x_wconf 88' lang='lat' dir='ltr'>non</span> <span class='ocrx_word' id='word_1_211' title='bbox 1054 1635 1151 1671; x_wconf 85' lang='lat' dir='ltr'>sicut</span> <span class='ocrx_word' id='word_1_212' title='bbox 1171 1636 1328 1682; x_wconf 85' lang='lat' dir='ltr'>Paulus,</span> 
     </span>
     <span class='ocr_line' id='line_1_29' title="bbox 322 1695 1331 1747; baseline 0.001 -16"><span class='ocrx_word' id='word_1_213' title='bbox 322 1696 389 1745; x_wconf 88' lang='lat' dir='ltr'>qui</span> <span class='ocrx_word' id='word_1_214' title='bbox 410 1697 555 1733; x_wconf 89' lang='lat' dir='ltr'>nullum</span> <span class='ocrx_word' id='word_1_215' title='bbox 574 1696 660 1747; x_wconf 70' lang='lat' dir='ltr'>(vix</span> <span class='ocrx_word' id='word_1_216' title='bbox 681 1695 781 1732; x_wconf 90' lang='lat' dir='ltr'>enim</span> <span class='ocrx_word' id='word_1_217' title='bbox 809 1696 868 1732; x_wconf 67' lang='lat' dir='ltr'>vel</span> <span class='ocrx_word' id='word_1_218' title='bbox 896 1709 934 1732; x_wconf 84' lang='lat' dir='ltr'>se</span> <span class='ocrx_word' id='word_1_219' title='bbox 955 1696 1079 1745; x_wconf 87' lang='lat' dir='ltr'>ipsum</span> <span class='ocrx_word' id='word_1_220' title='bbox 1109 1704 1241 1732; x_wconf 83' lang='lat' dir='ltr'>testem</span> <span class='ocrx_word' id='word_1_221' title='bbox 1265 1705 1331 1733; x_wconf 90' lang='lat' dir='ltr'>aut</span> 
     </span>
     <span class='ocr_line' id='line_1_30' title="bbox 322 1756 1330 1806; baseline -0.001 -13"><span class='ocrx_word' id='word_1_222' title='bbox 322 1756 508 1794; x_wconf 84' lang='lat' dir='ltr'>arbitrum</span> <span class='ocrx_word' id='word_1_223' title='bbox 534 1757 674 1793; x_wconf 83' lang='lat' dir='ltr'>habere</span> <span class='ocrx_word' id='word_1_224' title='bbox 705 1757 854 1806; x_wconf 89' lang='lat' dir='ltr'>potuit,</span> <span class='ocrx_word' id='word_1_225' title='bbox 877 1757 960 1806; x_wconf 85' lang='lat' dir='ltr'>ipso</span> <span class='ocrx_word' id='word_1_226' title='bbox 979 1756 1225 1806; x_wconf 81' lang='lat' dir='ltr'>perhibente,</span> <span class='ocrx_word' id='word_1_227' title='bbox 1249 1759 1330 1794; x_wconf 81' lang='lat' dir='ltr'>Ne-</span> 
     </span>
    </p>
   </div>
   <div class='ocr_carea' id='block_1_11' title="bbox 1395 426 2407 646">
    <p class='ocr_par' dir='ltr' id='par_1_11' title="bbox 1395 426 2407 646">
     <span class='ocr_line' id='line_1_31' title="bbox 1399 426 2407 479; baseline 0.003 -14"><span class='ocrx_word' id='word_1_228' title='bbox 1399 432 1456 466; x_wconf 86' lang='lat' dir='ltr'>De</span> <span class='ocrx_word' id='word_1_229' title='bbox 1489 428 1670 465; x_wconf 81' lang='lat' dir='ltr'>charitate</span> <span class='ocrx_word' id='word_1_230' title='bbox 1702 426 1846 476; x_wconf 87' lang='lat' dir='ltr'>quippe</span> <span class='ocrx_word' id='word_1_231' title='bbox 1875 427 2060 477; x_wconf 88' lang='lat' dir='ltr'>scriptum</span> <span class='ocrx_word' id='word_1_232' title='bbox 2089 437 2169 475; x_wconf 87' lang='lat' dir='ltr'>est,</span> <span class='ocrx_word' id='word_1_233' title='bbox 2195 429 2407 479; x_wconf 79' lang='lat' dir='ltr'>Congczudet</span> 
     </span>
     <span class='ocr_line' id='line_1_32' title="bbox 1401 488 2406 529; baseline 0.004 -5"><span class='ocrx_word' id='word_1_234' title='bbox 1401 499 1525 526; x_wconf 72' lang='lat' dir='ltr'>autem</span> <span class='ocrx_word' id='word_1_235' title='bbox 1555 493 1710 525; x_wconf 73' lang='lat' dir='ltr'>veritati</span> <span class='ocrx_word' id='word_1_236' title='bbox 1726 495 1767 524; x_wconf 85' lang='lat'>¹7.</span> <span class='ocrx_word' id='word_1_237' title='bbox 1786 488 1915 524; x_wconf 87' lang='lat' dir='ltr'>Tertio</span> <span class='ocrx_word' id='word_1_238' title='bbox 1934 488 1980 524; x_wconf 77' lang='lat' dir='ltr'>acl</span> <span class='ocrx_word' id='word_1_239' title='bbox 1998 502 2135 526; x_wconf 88' lang='lat' dir='ltr'>arcana</span> <span class='ocrx_word' id='word_1_240' title='bbox 2155 490 2322 528; x_wconf 84' lang='lat' dir='ltr'>veritatis</span> <span class='ocrx_word' id='word_1_241' title='bbox 2344 505 2406 529; x_wconf 84' lang='lat' dir='ltr'>ra-</span> 
     </span>
     <span class='ocr_line' id='line_1_33' title="bbox 1395 548 2404 599; baseline 0.002 -13"><span class='ocrx_word' id='word_1_242' title='bbox 1395 550 1569 599; x_wconf 86' lang='lat' dir='ltr'>piuntur,</span> <span class='ocrx_word' id='word_1_243' title='bbox 1589 557 1627 585; x_wconf 90' lang='lat' dir='ltr'>et</span> <span class='ocrx_word' id='word_1_244' title='bbox 1649 548 1776 595; x_wconf 87' lang='lat' dir='ltr'>aiunt,</span> <span class='ocrx_word' id='word_1_245' title='bbox 1799 550 1985 585; x_wconf 74' lang='lat' dir='ltr'>Secremm</span> <span class='ocrx_word' id='word_1_246' title='bbox 2010 563 2130 586; x_wconf 80' lang='lat' dir='ltr'>meum</span> <span class='ocrx_word' id='word_1_247' title='bbox 2152 551 2262 598; x_wconf 74' lang='lat' dir='ltr'>milei,</span> <span class='ocrx_word' id='word_1_248' title='bbox 2281 565 2404 588; x_wconf 79' lang='lat' dir='ltr'>secre-</span> 
     </span>
     <span class='ocr_line' id='line_1_34' title="bbox 1402 608 1794 646; baseline -0.005 0"><span class='ocrx_word' id='word_1_249' title='bbox 1402 611 1475 646; x_wconf 76' lang='lat' dir='ltr'>tm&#39;n</span> <span class='ocrx_word' id='word_1_250' title='bbox 1497 623 1619 646; x_wconf 78' lang='lat' dir='ltr'>meum</span> <span class='ocrx_word' id='word_1_251' title='bbox 1641 609 1735 645; x_wconf 81' lang='lat' dir='ltr'>milei</span> <span class='ocrx_word' id='word_1_252' title='bbox 1751 608 1794 644; x_wconf 72' lang='lat'>¹⁸.</span> 
     </span>
    </p>
   </div>
   <div class='ocr_carea' id='block_1_12' title="bbox 1763 734 2043 773">
    <p class='ocr_par' dir='ltr' id='par_1_12' title="bbox 1763 734 2043 773">
     <span class='ocr_line' id='line_1_35' title="bbox 1763 734 2043 773; baseline 0.004 -1"><span class='ocrx_word' id='word_1_253' title='bbox 1763 734 1939 773; x_wconf 91' lang='lat' dir='ltr'>CAPUT</span> <span class='ocrx_word' id='word_1_254' title='bbox 1969 734 2043 773; x_wconf 89' lang='lat' dir='ltr'>IX.</span> 
     </span>
    </p>
   </div>
   <div class='ocr_carea' id='block_1_13' title="bbox 1468 857 2344 943">
    <p class='ocr_par' dir='ltr' id='par_1_13' title="bbox 1468 857 2344 943">
     <span class='ocr_line' id='line_1_36' title="bbox 1468 857 2344 899; baseline 0.001 -10"><span class='ocrx_word' id='word_1_255' title='bbox 1468 858 1610 890; x_wconf 76' lang='lat' dir='ltr'>Gemitus</span> <span class='ocrx_word' id='word_1_256' title='bbox 1627 863 1658 888; x_wconf 81' lang='lat' dir='ltr'>et</span> <span class='ocrx_word' id='word_1_257' title='bbox 1671 857 1804 899; x_wconf 82' lang='lat' dir='ltr'>suspiria</span> <span class='ocrx_word' id='word_1_258' title='bbox 1819 857 1917 888; x_wconf 83' lang='lat' dir='ltr'>sancti</span> <span class='ocrx_word' id='word_1_259' title='bbox 1931 858 2081 889; x_wconf 83' lang='lat' dir='ltr'>Bernardi</span> <span class='ocrx_word' id='word_1_260' title='bbox 2095 883 2102 897; x_wconf 96' lang='lat'>,</span> <span class='ocrx_word' id='word_1_261' title='bbox 2119 857 2160 890; x_wconf 84' lang='lat' dir='ltr'>ad</span> <span class='ocrx_word' id='word_1_262' title='bbox 2174 858 2344 890; x_wconf 75' lang='lat' dir='ltr'>Veritatem</span> 
     </span>
     <span class='ocr_line' id='line_1_37' title="bbox 1813 911 1998 943; baseline 0.005 -2"><span class='ocrx_word' id='word_1_263' title='bbox 1813 911 1998 943; x_wconf 81' lang='lat' dir='ltr'>anhelantis.</span> 
     </span>
    </p>
   </div>
   <div class='ocr_carea' id='block_1_14' title="bbox 1396 1032 2406 1805">
    <p class='ocr_par' dir='ltr' id='par_1_14' title="bbox 1396 1032 2406 1805">
     <span class='ocr_line' id='line_1_38' title="bbox 1453 1032 2406 1084; baseline 0.003 -15"><span class='ocrx_word' id='word_1_264' title='bbox 1453 1033 1515 1070; x_wconf 77' lang='lat'>24.</span> <span class='ocrx_word' id='word_1_265' title='bbox 1540 1032 1612 1071; x_wconf 78' lang='lat' dir='ltr'>Sed</span> <span class='ocrx_word' id='word_1_266' title='bbox 1637 1033 1729 1082; x_wconf 90' lang='lat' dir='ltr'>quid</span> <span class='ocrx_word' id='word_1_267' title='bbox 1755 1046 1826 1082; x_wconf 84' lang='lat' dir='ltr'>ego</span> <span class='ocrx_word' id='word_1_268' title='bbox 1851 1032 1966 1070; x_wconf 88' lang='lat' dir='ltr'>miser</span> <span class='ocrx_word' id='word_1_269' title='bbox 1989 1033 2184 1083; x_wconf 81' lang='lat' dir='ltr'>superflua</span> <span class='ocrx_word' id='word_1_270' title='bbox 2213 1034 2330 1084; x_wconf 78' lang='lat' dir='ltr'>magis</span> <span class='ocrx_word' id='word_1_271' title='bbox 2352 1036 2406 1073; x_wconf 83' lang='lat' dir='ltr'>lo·</span> 
     </span>
     <span class='ocr_line' id='line_1_39' title="bbox 1398 1093 2405 1143; baseline 0.003 -14"><span class='ocrx_word' id='word_1_272' title='bbox 1398 1093 1600 1143; x_wconf 72' lang='lat' dir='ltr'>(placitato,</span> <span class='ocrx_word' id='word_1_273' title='bbox 1619 1107 1731 1143; x_wconf 88' lang='lat' dir='ltr'>quam</span> <span class='ocrx_word' id='word_1_274' title='bbox 1758 1093 1913 1143; x_wconf 87' lang='lat' dir='ltr'>spiritus</span> <span class='ocrx_word' id='word_1_275' title='bbox 1943 1093 2145 1130; x_wconf 80' lang='lat' dir='ltr'>vivacitate</span> <span class='ocrx_word' id='word_1_276' title='bbox 2174 1094 2272 1131; x_wconf 88' lang='lat' dir='ltr'>duos</span> <span class='ocrx_word' id='word_1_277' title='bbox 2291 1096 2405 1133; x_wconf 78' lang='lat' dir='ltr'>coelos</span> 
     </span>
     <span class='ocr_line' id='line_1_40' title="bbox 1398 1153 2404 1205; baseline 0.003 -16"><span class='ocrx_word' id='word_1_278' title='bbox 1398 1153 1616 1203; x_wconf 88' lang='lat' dir='ltr'>superiores</span> <span class='ocrx_word' id='word_1_279' title='bbox 1642 1167 1850 1203; x_wconf 80' lang='lat' dir='ltr'>percurro,</span> <span class='ocrx_word' id='word_1_280' title='bbox 1873 1153 1938 1203; x_wconf 89' lang='lat' dir='ltr'>qui</span> <span class='ocrx_word' id='word_1_281' title='bbox 1966 1153 2142 1190; x_wconf 84' lang='lat' dir='ltr'>manibus</span> <span class='ocrx_word' id='word_1_282' title='bbox 2167 1153 2404 1205; x_wconf 84' lang='lat' dir='ltr'>pedibusque</span> 
     </span>
     <span class='ocr_line' id='line_1_41' title="bbox 1399 1213 2404 1265; baseline 0.003 -15"><span class='ocrx_word' id='word_1_283' title='bbox 1399 1227 1537 1264; x_wconf 86' lang='lat' dir='ltr'>repens</span> <span class='ocrx_word' id='word_1_284' title='bbox 1563 1214 1686 1251; x_wconf 89' lang='lat' dir='ltr'>adhuc</span> <span class='ocrx_word' id='word_1_285' title='bbox 1717 1213 1788 1251; x_wconf 89' lang='lat' dir='ltr'>sub</span> <span class='ocrx_word' id='word_1_286' title='bbox 1815 1214 1997 1251; x_wconf 85' lang='lat' dir='ltr'>inferiore</span> <span class='ocrx_word' id='word_1_287' title='bbox 2032 1213 2196 1251; x_wconf 81' lang='lat' dir='ltr'>laboro?</span> <span class='ocrx_word' id='word_1_288' title='bbox 2218 1215 2276 1253; x_wconf 89' lang='lat' dir='ltr'>Ad</span> <span class='ocrx_word' id='word_1_289' title='bbox 2302 1216 2404 1265; x_wconf 88' lang='lat' dir='ltr'>quod</span> 
     </span>
     <span class='ocr_line' id='line_1_42' title="bbox 1401 1273 2405 1324; baseline 0.002 -14"><span class='ocrx_word' id='word_1_290' title='bbox 1401 1283 1527 1311; x_wconf 86' lang='lat' dir='ltr'>tamen</span> <span class='ocrx_word' id='word_1_291' title='bbox 1539 1273 1638 1324; x_wconf 87' lang='lat' dir='ltr'>jam,</span> <span class='ocrx_word' id='word_1_292' title='bbox 1655 1275 1739 1324; x_wconf 91' lang='lat' dir='ltr'>ipso</span> <span class='ocrx_word' id='word_1_293' title='bbox 1755 1274 1916 1323; x_wconf 80' lang='lat' dir='ltr'>juvante</span> <span class='ocrx_word' id='word_1_294' title='bbox 1930 1303 1939 1321; x_wconf 89' lang='lat'>,</span> <span class='ocrx_word' id='word_1_295' title='bbox 1960 1287 2037 1324; x_wconf 89' lang='lat' dir='ltr'>quo</span> <span class='ocrx_word' id='word_1_296' title='bbox 2054 1283 2092 1311; x_wconf 90' lang='lat' dir='ltr'>et</span> <span class='ocrx_word' id='word_1_297' title='bbox 2110 1284 2274 1312; x_wconf 89' lang='lat' dir='ltr'>vocante</span> <span class='ocrx_word' id='word_1_298' title='bbox 2286 1305 2296 1322; x_wconf 87' lang='lat'>‚</span> <span class='ocrx_word' id='word_1_299' title='bbox 2314 1276 2405 1313; x_wconf 88' lang='lat' dir='ltr'>mihi</span> 
     </span>
     <span class='ocr_line' id='line_1_43' title="bbox 1400 1334 2404 1385; baseline 0.002 -14"><span class='ocrx_word' id='word_1_300' title='bbox 1400 1335 1537 1371; x_wconf 87' lang='lat' dir='ltr'>scalam</span> <span class='ocrx_word' id='word_1_301' title='bbox 1555 1335 1671 1372; x_wconf 79' lang='lat' dir='ltr'>erexi.</span> <span class='ocrx_word' id='word_1_302' title='bbox 1692 1335 1773 1372; x_wconf 88' lang='lat' dir='ltr'>Illic</span> <span class='ocrx_word' id='word_1_303' title='bbox 1791 1334 1978 1384; x_wconf 83' lang='lat' dir='ltr'>siquidem</span> <span class='ocrx_word' id='word_1_304' title='bbox 1997 1335 2068 1372; x_wconf 87' lang='lat' dir='ltr'>iter</span> <span class='ocrx_word' id='word_1_305' title='bbox 2085 1343 2141 1372; x_wconf 90' lang='lat' dir='ltr'>est</span> <span class='ocrx_word' id='word_1_306' title='bbox 2153 1365 2163 1382; x_wconf 97' lang='lat'>,</span> <span class='ocrx_word' id='word_1_307' title='bbox 2185 1349 2262 1385; x_wconf 89' lang='lat' dir='ltr'>quo</span> <span class='ocrx_word' id='word_1_308' title='bbox 2279 1344 2404 1373; x_wconf 89' lang='lat' dir='ltr'>osten-</span> 
     </span>
     <span class='ocr_line' id='line_1_44' title="bbox 1400 1394 2406 1446; baseline 0.001 -15"><span class='ocrx_word' id='word_1_309' title='bbox 1400 1395 1463 1431; x_wconf 87' lang='lat' dir='ltr'>dat</span> <span class='ocrx_word' id='word_1_310' title='bbox 1486 1395 1577 1431; x_wconf 86' lang='lat' dir='ltr'>mihi</span> <span class='ocrx_word' id='word_1_311' title='bbox 1597 1396 1762 1431; x_wconf 88' lang='lat' dir='ltr'>salutare</span> <span class='ocrx_word' id='word_1_312' title='bbox 1783 1395 1866 1431; x_wconf 87' lang='lat' dir='ltr'>Dei.</span> <span class='ocrx_word' id='word_1_313' title='bbox 1892 1398 1974 1431; x_wconf 86' lang='lat' dir='ltr'>Jam</span> <span class='ocrx_word' id='word_1_314' title='bbox 2002 1394 2213 1432; x_wconf 88' lang='lat' dir='ltr'>Dominum</span> <span class='ocrx_word' id='word_1_315' title='bbox 2243 1395 2406 1446; x_wconf 84' lang='lat' dir='ltr'>desuper</span> 
     </span>
     <span class='ocr_line' id='line_1_45' title="bbox 1396 1454 2403 1506; baseline 0.002 -15"><span class='ocrx_word' id='word_1_316' title='bbox 1396 1455 1571 1492; x_wconf 85' lang='lat' dir='ltr'>innixum</span> <span class='ocrx_word' id='word_1_317' title='bbox 1599 1454 1881 1506; x_wconf 86' lang='lat' dir='ltr'>suspicio,jam</span> <span class='ocrx_word' id='word_1_318' title='bbox 1912 1454 1960 1492; x_wconf 89' lang='lat' dir='ltr'>ad</span> <span class='ocrx_word' id='word_1_319' title='bbox 1987 1468 2122 1492; x_wconf 89' lang='lat' dir='ltr'>vocem</span> <span class='ocrx_word' id='word_1_320' title='bbox 2146 1456 2315 1493; x_wconf 86' lang='lat' dir='ltr'>veritatis</span> <span class='ocrx_word' id='word_1_321' title='bbox 2335 1470 2403 1493; x_wconf 78' lang='lat' dir='ltr'>ex-</span> 
     </span>
     <span class='ocr_line' id='line_1_46' title="bbox 1396 1517 2404 1566; baseline 0.002 -14"><span class='ocrx_word' id='word_1_322' title='bbox 1396 1517 1509 1553; x_wconf 87' lang='lat' dir='ltr'>sulto.</span> <span class='ocrx_word' id='word_1_323' title='bbox 1537 1517 1695 1554; x_wconf 86' lang='lat' dir='ltr'>Vocavit</span> <span class='ocrx_word' id='word_1_324' title='bbox 1711 1530 1794 1563; x_wconf 88' lang='lat' dir='ltr'>me,</span> <span class='ocrx_word' id='word_1_325' title='bbox 1814 1525 1852 1553; x_wconf 90' lang='lat' dir='ltr'>et</span> <span class='ocrx_word' id='word_1_326' title='bbox 1877 1529 1947 1566; x_wconf 83' lang='lat' dir='ltr'>ego</span> <span class='ocrx_word' id='word_1_327' title='bbox 1969 1517 2151 1566; x_wconf 83' lang='lat' dir='ltr'>respondi</span> <span class='ocrx_word' id='word_1_328' title='bbox 2173 1517 2227 1554; x_wconf 88' lang='lat' dir='ltr'>illi</span> <span class='ocrx_word' id='word_1_329' title='bbox 2251 1532 2258 1554; x_wconf 88' lang='lat'>:</span> <span class='ocrx_word' id='word_1_330' title='bbox 2288 1520 2404 1566; x_wconf 79' lang='lat' dir='ltr'>Operi</span> 
     </span>
     <span class='ocr_line' id='line_1_47' title="bbox 1397 1577 2403 1627; baseline 0.002 -15"><span class='ocrx_word' id='word_1_331' title='bbox 1397 1590 1571 1612; x_wconf 75' lang='lat' dir='ltr'>manuum</span> <span class='ocrx_word' id='word_1_332' title='bbox 1597 1585 1742 1612; x_wconf 72' lang='lat' dir='ltr'>[aarum</span> <span class='ocrx_word' id='word_1_333' title='bbox 1767 1581 1942 1625; x_wconf 78' lang='lat' dir='ltr'>porriges</span> <span class='ocrx_word' id='word_1_334' title='bbox 1967 1578 2164 1612; x_wconf 71' lang='lat' dir='ltr'>dexteram</span> <span class='ocrx_word' id='word_1_335' title='bbox 2179 1583 2220 1614; x_wconf 76' lang='grc' dir='ltr'>Ι9.</span> <span class='ocrx_word' id='word_1_336' title='bbox 2243 1581 2299 1614; x_wconf 87' lang='lat' dir='ltr'>Tu</span> <span class='ocrx_word' id='word_1_337' title='bbox 2318 1577 2403 1627; x_wconf 88' lang='lat' dir='ltr'>qui—</span> 
     </span>
     <span class='ocr_line' id='line_1_48' title="bbox 1397 1630 2404 1688; baseline 0.001 -15"><span class='ocrx_word' id='word_1_338' title='bbox 1397 1637 1498 1683; x_wconf 85' lang='lat' dir='ltr'>dem,</span> <span class='ocrx_word' id='word_1_339' title='bbox 1518 1630 1698 1684; x_wconf 83' lang='lat' dir='ltr'>Domine⁷</span> <span class='ocrx_word' id='word_1_340' title='bbox 1716 1650 1865 1687; x_wconf 77' lang='lat' dir='ltr'>gressus</span> <span class='ocrx_word' id='word_1_341' title='bbox 1883 1650 1986 1674; x_wconf 90' lang='lat' dir='ltr'>meos</span> <span class='ocrx_word' id='word_1_342' title='bbox 2003 1637 2235 1683; x_wconf 74' lang='lat' dir='ltr'>dinumeras,</span> <span class='ocrx_word' id='word_1_343' title='bbox 2253 1638 2319 1676; x_wconf 88' lang='lat' dir='ltr'>sed</span> <span class='ocrx_word' id='word_1_344' title='bbox 2335 1651 2404 1688; x_wconf 82' lang='lat' dir='ltr'>ego</span> 
     </span>
     <span class='ocr_line' id='line_1_49' title="bbox 1397 1696 2404 1747; baseline 0.001 -14"><span class='ocrx_word' id='word_1_345' title='bbox 1397 1698 1523 1733; x_wconf 78' lang='lat' dir='ltr'>lentus</span> <span class='ocrx_word' id='word_1_346' title='bbox 1544 1710 1735 1743; x_wconf 81' lang='lat' dir='ltr'>ascensor,</span> <span class='ocrx_word' id='word_1_347' title='bbox 1759 1698 1878 1733; x_wconf 87' lang='lat' dir='ltr'>sessus</span> <span class='ocrx_word' id='word_1_348' title='bbox 1896 1697 2035 1743; x_wconf 87' lang='lat' dir='ltr'>viator,</span> <span class='ocrx_word' id='word_1_349' title='bbox 2059 1696 2283 1734; x_wconf 79' lang='lat' dir='ltr'>diverticula</span> <span class='ocrx_word' id='word_1_350' title='bbox 2304 1711 2404 1747; x_wconf 83' lang='lat' dir='ltr'>quae-</span> 
     </span>
     <span class='ocr_line' id='line_1_50' title="bbox 1397 1755 2402 1805; baseline 0.003 -14"><span class='ocrx_word' id='word_1_351' title='bbox 1397 1764 1451 1793; x_wconf 90' lang='lat' dir='ltr'>ro.</span> <span class='ocrx_word' id='word_1_352' title='bbox 1480 1760 1545 1793; x_wconf 83' lang='lat' dir='ltr'>Vae</span> <span class='ocrx_word' id='word_1_353' title='bbox 1569 1756 1680 1803; x_wconf 89' lang='lat' dir='ltr'>mihi,</span> <span class='ocrx_word' id='word_1_354' title='bbox 1705 1756 1734 1792; x_wconf 91' lang='lat' dir='ltr'>si</span> <span class='ocrx_word' id='word_1_355' title='bbox 1763 1755 1930 1792; x_wconf 85' lang='lat' dir='ltr'>tenebrae</span> <span class='ocrx_word' id='word_1_356' title='bbox 1963 1769 2022 1792; x_wconf 88' lang='lat' dir='ltr'>me</span> <span class='ocrx_word' id='word_1_357' title='bbox 2048 1756 2402 1805; x_wconf 82' lang='lat' dir='ltr'>comprehendant,</span> 
     </span>
    </p>
   </div>
   <div class='ocr_carea' id='block_1_15' title="bbox 322 1811 2400 1868">
    <p class='ocr_par' dir='ltr' id='par_1_15' title="bbox 322 1811 2400 1868">
     <span class='ocr_line' id='line_1_51' title="bbox 322 1811 2400 1868; baseline 0.001 -16"><span class='ocrx_word' id='word_1_358' title='bbox 322 1822 411 1864; x_wconf 76' lang='lat' dir='ltr'>scio,</span> <span class='ocrx_word' id='word_1_359' title='bbox 432 1822 534 1855; x_wconf 78' lang='lat' dir='ltr'>Deus</span> <span class='ocrx_word' id='word_1_360' title='bbox 549 1817 671 1868; x_wconf 56' lang='grc' dir='ltr'>ΜΝΞ)</span> <span class='ocrx_word' id='word_1_361' title='bbox 687 1833 694 1853; x_wconf 83' lang='grc'>;</span> <span class='ocrx_word' id='word_1_362' title='bbox 711 1817 776 1853; x_wconf 83' lang='lat' dir='ltr'>scd</span> <span class='ocrx_word' id='word_1_363' title='bbox 788 1826 830 1853; x_wconf 91' lang='lat' dir='ltr'>ut</span> <span class='ocrx_word' id='word_1_364' title='bbox 847 1818 1110 1867; x_wconf 84' lang='lat' dir='ltr'>omnipotens,</span> <span class='ocrx_word' id='word_1_365' title='bbox 1127 1818 1191 1866; x_wconf 89' lang='lat' dir='ltr'>qui</span> <span class='ocrx_word' id='word_1_366' title='bbox 1209 1830 1328 1866; x_wconf 74' lang='lat' dir='ltr'>quan·</span> <span class='ocrx_word' id='word_1_367' title='bbox 1349 1817 1375 1852; x_wconf 91' lang='lat' dir='ltr'>C</span> <span class='ocrx_word' id='word_1_368' title='bbox 1396 1824 1460 1852; x_wconf 90' lang='lat' dir='ltr'>aut</span> <span class='ocrx_word' id='word_1_369' title='bbox 1480 1816 1509 1852; x_wconf 88' lang='lat' dir='ltr'>si</span> <span class='ocrx_word' id='word_1_370' title='bbox 1528 1830 1611 1852; x_wconf 87' lang='lat' dir='ltr'>mea</span> <span class='ocrx_word' id='word_1_371' title='bbox 1638 1816 1725 1865; x_wconf 76' lang='lat' dir='ltr'>fuga</span> <span class='ocrx_word' id='word_1_372' title='bbox 1746 1816 1811 1852; x_wconf 82' lang='lat' dir='ltr'>fiat</span> <span class='ocrx_word' id='word_1_373' title='bbox 1830 1816 1870 1851; x_wconf 90' lang='lat' dir='ltr'>in</span> <span class='ocrx_word' id='word_1_374' title='bbox 1889 1811 2014 1851; x_wconf 71' lang='lat' dir='ltr'>hiem‘e</span> <span class='ocrx_word' id='word_1_375' title='bbox 2030 1844 2040 1861; x_wconf 84' lang='lat'><em>‚</em></span> <span class='ocrx_word' id='word_1_376' title='bbox 2059 1816 2120 1851; x_wconf 90' lang='lat' dir='ltr'>vel</span> <span class='ocrx_word' id='word_1_377' title='bbox 2147 1815 2186 1851; x_wconf 93' lang='lat' dir='ltr'>in</span> <span class='ocrx_word' id='word_1_378' title='bbox 2216 1815 2375 1854; x_wconf 89' lang='lat' dir='ltr'>sabbato</span> <span class='ocrx_word' id='word_1_379' title='bbox 2392 1832 2400 1854; x_wconf 90' lang='lat'>:</span> 
     </span>
    </p>
   </div>
   <div class='ocr_carea' id='block_1_16' title="bbox 316 1877 1325 2592">
    <p class='ocr_par' dir='ltr' id='par_1_16' title="bbox 316 1877 1325 2592">
     <span class='ocr_line' id='line_1_52' title="bbox 323 1877 1325 1927; baseline -0.001 -13"><span class='ocrx_word' id='word_1_380' title='bbox 323 1878 373 1915; x_wconf 90' lang='lat' dir='ltr'>do</span> <span class='ocrx_word' id='word_1_381' title='bbox 407 1879 529 1916; x_wconf 81' lang='lat' dir='ltr'>voluit</span> <span class='ocrx_word' id='word_1_382' title='bbox 560 1877 772 1923; x_wconf 83' lang='lat' dir='ltr'>descendit,</span> <span class='ocrx_word' id='word_1_383' title='bbox 800 1878 954 1927; x_wconf 86' lang='lat' dir='ltr'>quando</span> <span class='ocrx_word' id='word_1_384' title='bbox 986 1878 1109 1914; x_wconf 75' lang='lat' dir='ltr'>voluit</span> <span class='ocrx_word' id='word_1_385' title='bbox 1135 1878 1325 1924; x_wconf 88' lang='lat' dir='ltr'>ascendit,</span> 
     </span>
     <span class='ocr_line' id='line_1_53' title="bbox 321 1937 1323 1988; baseline -0.001 -14"><span class='ocrx_word' id='word_1_386' title='bbox 321 1951 394 1987; x_wconf 87' lang='lat' dir='ltr'>pro</span> <span class='ocrx_word' id='word_1_387' title='bbox 415 1952 484 1975; x_wconf 89' lang='lat' dir='ltr'>suo</span> <span class='ocrx_word' id='word_1_388' title='bbox 505 1938 662 1975; x_wconf 87' lang='lat' dir='ltr'>arbitrio</span> <span class='ocrx_word' id='word_1_389' title='bbox 683 1937 846 1974; x_wconf 80' lang='lat' dir='ltr'>arbitros</span> <span class='ocrx_word' id='word_1_390' title='bbox 869 1947 907 1974; x_wconf 87' lang='lat' dir='ltr'>et</span> <span class='ocrx_word' id='word_1_391' title='bbox 926 1946 1179 1988; x_wconf 74' lang='lat' dir='ltr'>spectatores,</span> <span class='ocrx_word' id='word_1_392' title='bbox 1197 1939 1323 1974; x_wconf 88' lang='lat' dir='ltr'>locum</span> 
     </span>
     <span class='ocr_line' id='line_1_54' title="bbox 322 1998 1325 2050; baseline -0.002 -15"><span class='ocrx_word' id='word_1_393' title='bbox 322 2007 359 2035; x_wconf 88' lang='lat' dir='ltr'>ct</span> <span class='ocrx_word' id='word_1_394' title='bbox 379 2008 546 2050; x_wconf 88' lang='lat' dir='ltr'>tempus,</span> <span class='ocrx_word' id='word_1_395' title='bbox 568 1999 667 2035; x_wconf 89' lang='lat' dir='ltr'>diem</span> <span class='ocrx_word' id='word_1_396' title='bbox 690 2007 725 2035; x_wconf 89' lang='lat' dir='ltr'>et</span> <span class='ocrx_word' id='word_1_397' title='bbox 745 1998 877 2035; x_wconf 87' lang='lat' dir='ltr'>horam</span> <span class='ocrx_word' id='word_1_398' title='bbox 896 2007 1119 2048; x_wconf 69' lang='lat' dir='ltr'>exspectans</span> <span class='ocrx_word' id='word_1_399' title='bbox 1134 2027 1143 2044; x_wconf 88' lang='lat'>,</span> <span class='ocrx_word' id='word_1_400' title='bbox 1164 2000 1325 2034; x_wconf 68' lang='lat' dir='ltr'>videnti-</span> 
     </span>
     <span class='ocr_line' id='line_1_55' title="bbox 322 2059 1324 2109; baseline -0.001 -14"><span class='ocrx_word' id='word_1_401' title='bbox 322 2059 386 2095; x_wconf 71' lang='lat' dir='ltr'>bus</span> <span class='ocrx_word' id='word_1_402' title='bbox 408 2063 504 2105; x_wconf 82' lang='lat' dir='ltr'>illis,</span> <span class='ocrx_word' id='word_1_403' title='bbox 523 2072 619 2109; x_wconf 87' lang='lat' dir='ltr'>quos</span> <span class='ocrx_word' id='word_1_404' title='bbox 645 2059 787 2095; x_wconf 84' lang='lat' dir='ltr'>scilicet</span> <span class='ocrx_word' id='word_1_405' title='bbox 817 2067 918 2095; x_wconf 87' lang='lat' dir='ltr'>tanta</span> <span class='ocrx_word' id='word_1_406' title='bbox 946 2059 1094 2095; x_wconf 76' lang='lat' dir='ltr'>visione</span> <span class='ocrx_word' id='word_1_407' title='bbox 1125 2059 1324 2108; x_wconf 78' lang='lat' dir='ltr'>(lignatur3</span> 
     </span>
     <span class='ocr_line' id='line_1_56' title="bbox 321 2119 1324 2169; baseline 0 -13"><span class='ocrx_word' id='word_1_408' title='bbox 321 2123 481 2156; x_wconf 67' lang='lat' dir='ltr'>clevatus</span> <span class='ocrx_word' id='word_1_409' title='bbox 498 2129 563 2156; x_wconf 70' lang='lat' dir='ltr'>esi.</span> <span class='ocrx_word' id='word_1_410' title='bbox 583 2123 728 2169; x_wconf 79' lang='lat' dir='ltr'>Raptus</span> <span class='ocrx_word' id='word_1_411' title='bbox 746 2128 800 2155; x_wconf 86' lang='lat' dir='ltr'>est</span> <span class='ocrx_word' id='word_1_412' title='bbox 818 2120 953 2156; x_wconf 85' lang='lat' dir='ltr'>Paulus</span> <span class='ocrx_word' id='word_1_413' title='bbox 966 2148 975 2165; x_wconf 96' lang='lat'>,</span> <span class='ocrx_word' id='word_1_414' title='bbox 993 2127 1123 2168; x_wconf 87' lang='lat' dir='ltr'>raptus</span> <span class='ocrx_word' id='word_1_415' title='bbox 1138 2127 1195 2155; x_wconf 91' lang='lat' dir='ltr'>est</span> <span class='ocrx_word' id='word_1_416' title='bbox 1212 2119 1324 2165; x_wconf 84' lang='lat' dir='ltr'>Elias,</span> 
     </span>
     <span class='ocr_line' id='line_1_57' title="bbox 321 2179 1325 2229; baseline -0.001 -12"><span class='ocrx_word' id='word_1_417' title='bbox 321 2181 523 2217; x_wconf 87' lang='lat' dir='ltr'>translatus</span> <span class='ocrx_word' id='word_1_418' title='bbox 543 2189 599 2217; x_wconf 84' lang='lat' dir='ltr'>est</span> <span class='ocrx_word' id='word_1_419' title='bbox 616 2180 748 2217; x_wconf 86' lang='lat' dir='ltr'>Enoch</span> <span class='ocrx_word' id='word_1_420' title='bbox 761 2180 789 2207; x_wconf 80' lang='lat'>¹3</span> <span class='ocrx_word' id='word_1_421' title='bbox 805 2194 812 2216; x_wconf 92' lang='lat'>:</span> <span class='ocrx_word' id='word_1_422' title='bbox 828 2179 1065 2229; x_wconf 87' lang='lat' dir='ltr'>Redemptor</span> <span class='ocrx_word' id='word_1_423' title='bbox 1085 2193 1178 2216; x_wconf 86' lang='lat' dir='ltr'>vero</span> <span class='ocrx_word' id='word_1_424' title='bbox 1196 2188 1325 2216; x_wconf 86' lang='lat' dir='ltr'>noster</span> 
     </span>
     <span class='ocr_line' id='line_1_58' title="bbox 319 2240 1321 2290; baseline 0 -13"><span class='ocrx_word' id='word_1_425' title='bbox 319 2241 457 2290; x_wconf 77' lang='lat' dir='ltr'>legitur</span> <span class='ocrx_word' id='word_1_426' title='bbox 482 2243 663 2285; x_wconf 70' lang='lat' dir='ltr'>elevatas,</span> <span class='ocrx_word' id='word_1_427' title='bbox 688 2240 761 2277; x_wconf 91' lang='lat' dir='ltr'>hoc</span> <span class='ocrx_word' id='word_1_428' title='bbox 793 2249 849 2277; x_wconf 88' lang='lat' dir='ltr'>est</span> <span class='ocrx_word' id='word_1_429' title='bbox 865 2269 874 2286; x_wconf 88' lang='lat'>‚</span> <span class='ocrx_word' id='word_1_430' title='bbox 897 2253 943 2276; x_wconf 87' lang='lat' dir='ltr'>cx</span> <span class='ocrx_word' id='word_1_431' title='bbox 973 2253 1011 2276; x_wconf 86' lang='grc'>56</span> <span class='ocrx_word' id='word_1_432' title='bbox 1036 2240 1120 2289; x_wconf 87' lang='lat' dir='ltr'>ipso</span> <span class='ocrx_word' id='word_1_433' title='bbox 1149 2241 1296 2277; x_wconf 88' lang='lat' dir='ltr'>levatus</span> <span class='ocrx_word' id='word_1_434' title='bbox 1312 2269 1321 2287; x_wconf 92' lang='lat'>,</span> 
     </span>
     <span class='ocr_line' id='line_1_59' title="bbox 318 2299 1322 2349; baseline 0.001 -14"><span class='ocrx_word' id='word_1_435' title='bbox 318 2313 396 2336; x_wconf 88' lang='lat' dir='ltr'>non</span> <span class='ocrx_word' id='word_1_436' title='bbox 416 2300 569 2337; x_wconf 87' lang='lat' dir='ltr'>aliunde</span> <span class='ocrx_word' id='word_1_437' title='bbox 589 2299 753 2349; x_wconf 86' lang='lat' dir='ltr'>adjutus.</span> <span class='ocrx_word' id='word_1_438' title='bbox 770 2299 944 2349; x_wconf 87' lang='lat' dir='ltr'>Denique</span> <span class='ocrx_word' id='word_1_439' title='bbox 962 2313 1040 2336; x_wconf 91' lang='lat' dir='ltr'>non</span> <span class='ocrx_word' id='word_1_440' title='bbox 1057 2313 1192 2336; x_wconf 89' lang='lat' dir='ltr'>currus</span> <span class='ocrx_word' id='word_1_441' title='bbox 1214 2300 1322 2337; x_wconf 89' lang='lat' dir='ltr'>vehi-</span> 
     </span>
     <span class='ocr_line' id='line_1_60' title="bbox 317 2360 1321 2411; baseline 0 -14"><span class='ocrx_word' id='word_1_442' title='bbox 317 2361 422 2406; x_wconf 86' lang='lat' dir='ltr'>culo,</span> <span class='ocrx_word' id='word_1_443' title='bbox 440 2374 518 2397; x_wconf 90' lang='lat' dir='ltr'>non</span> <span class='ocrx_word' id='word_1_444' title='bbox 543 2361 664 2410; x_wconf 81' lang='lat' dir='ltr'>angeli</span> <span class='ocrx_word' id='word_1_445' title='bbox 689 2360 941 2406; x_wconf 87' lang='lat' dir='ltr'>adminiculo,</span> <span class='ocrx_word' id='word_1_446' title='bbox 965 2361 1030 2398; x_wconf 88' lang='lat' dir='ltr'>sed</span> <span class='ocrx_word' id='word_1_447' title='bbox 1059 2360 1217 2411; x_wconf 86' lang='lat' dir='ltr'>propria</span> <span class='ocrx_word' id='word_1_448' title='bbox 1241 2361 1321 2397; x_wconf 75' lang='lat' dir='ltr'>vir-</span> 
     </span>
     <span class='ocr_line' id='line_1_61' title="bbox 317 2421 1323 2470; baseline 0.001 -14"><span class='ocrx_word' id='word_1_449' title='bbox 317 2429 355 2457; x_wconf 88' lang='lat' dir='ltr'>tu</span> <span class='ocrx_word' id='word_1_450' title='bbox 364 2429 396 2458; x_wconf 84' lang='lat' dir='ltr'>tc</span> <span class='ocrx_word' id='word_1_451' title='bbox 430 2421 636 2458; x_wconf 84' lang='lat' dir='ltr'>subnixum</span> <span class='ocrx_word' id='word_1_452' title='bbox 669 2426 835 2470; x_wconf 76' lang='lat' dir='ltr'>suscepit</span> <span class='ocrx_word' id='word_1_453' title='bbox 867 2436 948 2458; x_wconf 73' lang='lat' dir='ltr'>eam</span> <span class='ocrx_word' id='word_1_454' title='bbox 982 2422 1097 2458; x_wconf 75' lang='lat' dir='ltr'>nubes</span> <span class='ocrx_word' id='word_1_455' title='bbox 1127 2421 1174 2458; x_wconf 81' lang='lat' dir='ltr'>ab</span> <span class='ocrx_word' id='word_1_456' title='bbox 1208 2425 1323 2457; x_wconf 74' lang='lat' dir='ltr'>oculis</span> 
     </span>
     <span class='ocr_line' id='line_1_62' title="bbox 316 2480 1321 2532; baseline 0 -15"><span class='ocrx_word' id='word_1_457' title='bbox 316 2496 439 2518; x_wconf 63' lang='lat' dir='ltr'>{rorum</span> <span class='ocrx_word' id='word_1_458' title='bbox 457 2483 499 2519; x_wconf 52' lang='grc' dir='ltr'>Μ’.</span> <span class='ocrx_word' id='word_1_459' title='bbox 514 2484 589 2520; x_wconf 90' lang='lat' dir='ltr'>Cur</span> <span class='ocrx_word' id='word_1_460' title='bbox 609 2481 706 2517; x_wconf 83' lang='lat' dir='ltr'>hoc?</span> <span class='ocrx_word' id='word_1_461' title='bbox 722 2485 782 2518; x_wconf 85' lang='lat' dir='ltr'>An</span> <span class='ocrx_word' id='word_1_462' title='bbox 804 2481 943 2517; x_wconf 89' lang='lat' dir='ltr'>sessum</span> <span class='ocrx_word' id='word_1_463' title='bbox 958 2480 1059 2530; x_wconf 84' lang='lat' dir='ltr'>juvit</span> <span class='ocrx_word' id='word_1_464' title='bbox 1073 2483 1087 2517; x_wconf 75' lang='grc' dir='ltr'>Ρ</span> <span class='ocrx_word' id='word_1_465' title='bbox 1102 2495 1149 2518; x_wconf 90' lang='lat' dir='ltr'>an</span> <span class='ocrx_word' id='word_1_466' title='bbox 1171 2481 1321 2532; x_wconf 81' lang='lat' dir='ltr'>pigrum</span> 
     </span>
     <span class='ocr_line' id='line_1_63' title="bbox 316 2541 1323 2592; baseline 0 -14"><span class='ocrx_word' id='word_1_467' title='bbox 316 2542 494 2592; x_wconf 80' lang='lat' dir='ltr'>impulit?</span> <span class='ocrx_word' id='word_1_468' title='bbox 530 2556 578 2579; x_wconf 90' lang='lat' dir='ltr'>an</span> <span class='ocrx_word' id='word_1_469' title='bbox 611 2541 809 2578; x_wconf 82' lang='lat' dir='ltr'>cadentem</span> <span class='ocrx_word' id='word_1_470' title='bbox 844 2542 1053 2578; x_wconf 80' lang='lat' dir='ltr'>sustinuit?</span> <span class='ocrx_word' id='word_1_471' title='bbox 1086 2542 1208 2580; x_wconf 86' lang='lat' dir='ltr'>Absit.</span> <span class='ocrx_word' id='word_1_472' title='bbox 1251 2542 1323 2579; x_wconf 85' lang='lat' dir='ltr'>Sed</span> 
     </span>
    </p>
   </div>
   <div class='ocr_carea' id='block_1_17' title="bbox 1390 1876 2401 2593">
    <p class='ocr_par' dir='ltr' id='par_1_17' title="bbox 1390 1876 2401 2470">
     <span class='ocr_line' id='line_1_64' title="bbox 1395 1876 2401 1926; baseline 0.002 -14"><span class='ocrx_word' id='word_1_473' title='bbox 1395 1876 1485 1912; x_wconf 90' lang='lat' dir='ltr'>dum</span> <span class='ocrx_word' id='word_1_474' title='bbox 1507 1889 1609 1912; x_wconf 86' lang='lat' dir='ltr'>nunc</span> <span class='ocrx_word' id='word_1_475' title='bbox 1635 1876 1682 1912; x_wconf 86' lang='lat' dir='ltr'>ad</span> <span class='ocrx_word' id='word_1_476' title='bbox 1704 1877 1850 1922; x_wconf 74' lang='lat' dir='ltr'>lucem,</span> <span class='ocrx_word' id='word_1_477' title='bbox 1877 1889 1962 1912; x_wconf 88' lang='lat' dir='ltr'>cum</span> <span class='ocrx_word' id='word_1_478' title='bbox 1993 1883 2144 1926; x_wconf 88' lang='lat' dir='ltr'>tempus</span> <span class='ocrx_word' id='word_1_479' title='bbox 2170 1876 2401 1926; x_wconf 86' lang='lat' dir='ltr'>acceptabile</span> 
     </span>
     <span class='ocr_line' id='line_1_65' title="bbox 1395 1935 2399 1985; baseline 0.002 -13"><span class='ocrx_word' id='word_1_480' title='bbox 1395 1944 1433 1971; x_wconf 88' lang='lat' dir='ltr'>et</span> <span class='ocrx_word' id='word_1_481' title='bbox 1455 1936 1533 1972; x_wconf 90' lang='lat' dir='ltr'>dies</span> <span class='ocrx_word' id='word_1_482' title='bbox 1563 1936 1693 1972; x_wconf 85' lang='lat' dir='ltr'>salutis</span> <span class='ocrx_word' id='word_1_483' title='bbox 1724 1944 1835 1982; x_wconf 88' lang='lat' dir='ltr'>sunt,</span> <span class='ocrx_word' id='word_1_484' title='bbox 1853 1935 2044 1985; x_wconf 83' lang='lat' dir='ltr'>proficisci</span> <span class='ocrx_word' id='word_1_485' title='bbox 2073 1935 2282 1973; x_wconf 87' lang='lat' dir='ltr'>dissimulo.</span> <span class='ocrx_word' id='word_1_486' title='bbox 2301 1938 2399 1985; x_wconf 90' lang='lat' dir='ltr'>Quid</span> 
     </span>
     <span class='ocr_line' id='line_1_66' title="bbox 1394 1995 2400 2046; baseline 0.003 -15"><span class='ocrx_word' id='word_1_487' title='bbox 1394 1997 1553 2033; x_wconf 84' lang='lat' dir='ltr'>moror?</span> <span class='ocrx_word' id='word_1_488' title='bbox 1571 1999 1646 2033; x_wconf 88' lang='lat' dir='ltr'>Ora</span> <span class='ocrx_word' id='word_1_489' title='bbox 1667 2008 1739 2045; x_wconf 89' lang='lat' dir='ltr'>pro</span> <span class='ocrx_word' id='word_1_490' title='bbox 1760 2009 1819 2032; x_wconf 87' lang='lat' dir='ltr'>me</span> <span class='ocrx_word' id='word_1_491' title='bbox 1834 2024 1844 2041; x_wconf 91' lang='lat'>‚</span> <span class='ocrx_word' id='word_1_492' title='bbox 1861 1995 1915 2034; x_wconf 80' lang='lat' dir='ltr'>fili</span> <span class='ocrx_word' id='word_1_493' title='bbox 1931 2024 1941 2041; x_wconf 98' lang='lat'>,</span> <span class='ocrx_word' id='word_1_494' title='bbox 1958 1995 2088 2042; x_wconf 85' lang='lat' dir='ltr'>frater,</span> <span class='ocrx_word' id='word_1_495' title='bbox 2114 1995 2215 2032; x_wconf 92' lang='lat' dir='ltr'>socie</span> <span class='ocrx_word' id='word_1_496' title='bbox 2231 2025 2241 2043; x_wconf 93' lang='lat'>,</span> <span class='ocrx_word' id='word_1_497' title='bbox 2258 2004 2296 2032; x_wconf 91' lang='lat' dir='ltr'>et</span> <span class='ocrx_word' id='word_1_498' title='bbox 2310 2010 2400 2046; x_wconf 87' lang='lat' dir='ltr'>par-</span> 
     </span>
     <span class='ocr_line' id='line_1_67' title="bbox 1395 2055 2397 2106; baseline 0.001 -14"><span class='ocrx_word' id='word_1_499' title='bbox 1395 2056 1512 2106; x_wconf 85' lang='lat' dir='ltr'>ticeps</span> <span class='ocrx_word' id='word_1_500' title='bbox 1533 2056 1726 2106; x_wconf 86' lang='lat' dir='ltr'>prosectus</span> <span class='ocrx_word' id='word_1_501' title='bbox 1753 2055 1849 2101; x_wconf 84' lang='lat' dir='ltr'>mei,</span> <span class='ocrx_word' id='word_1_502' title='bbox 1881 2055 1911 2091; x_wconf 89' lang='lat' dir='ltr'>si</span> <span class='ocrx_word' id='word_1_503' title='bbox 1931 2055 2015 2104; x_wconf 88' lang='lat' dir='ltr'>quis</span> <span class='ocrx_word' id='word_1_504' title='bbox 2043 2063 2126 2103; x_wconf 86' lang='lat' dir='ltr'>est,</span> <span class='ocrx_word' id='word_1_505' title='bbox 2154 2056 2193 2098; x_wconf 81' lang='lat' dir='ltr'>in</span> <span class='ocrx_word' id='word_1_506' title='bbox 2220 2056 2397 2094; x_wconf 88' lang='lat' dir='ltr'>Domino.</span> 
     </span>
     <span class='ocr_line' id='line_1_68' title="bbox 1393 2115 2401 2167; baseline 0 -13"><span class='ocrx_word' id='word_1_507' title='bbox 1393 2120 1468 2154; x_wconf 86' lang='lat' dir='ltr'>Ora</span> <span class='ocrx_word' id='word_1_508' title='bbox 1486 2117 1799 2167; x_wconf 87' lang='lat' dir='ltr'>Omnipotentem</span> <span class='ocrx_word' id='word_1_509' title='bbox 1814 2146 1824 2163; x_wconf 82' lang='lat'>,</span> <span class='ocrx_word' id='word_1_510' title='bbox 1842 2124 2030 2166; x_wconf 85' lang='lat' dir='ltr'>quatenus</span> <span class='ocrx_word' id='word_1_511' title='bbox 2051 2116 2104 2153; x_wconf 88' lang='lat' dir='ltr'>sic</span> <span class='ocrx_word' id='word_1_512' title='bbox 2120 2116 2272 2166; x_wconf 79' lang='lat' dir='ltr'>pigrum</span> <span class='ocrx_word' id='word_1_513' title='bbox 2289 2115 2401 2154; x_wconf 85' lang='lat' dir='ltr'>robo-</span> 
     </span>
     <span class='ocr_line' id='line_1_69' title="bbox 1393 2176 2400 2228; baseline -0.001 -13"><span class='ocrx_word' id='word_1_514' title='bbox 1393 2187 1449 2215; x_wconf 88' lang='lat' dir='ltr'>ret</span> <span class='ocrx_word' id='word_1_515' title='bbox 1472 2178 1634 2228; x_wconf 84' lang='lat' dir='ltr'>pedem,</span> <span class='ocrx_word' id='word_1_516' title='bbox 1649 2186 1692 2214; x_wconf 87' lang='lat' dir='ltr'>ut</span> <span class='ocrx_word' id='word_1_517' title='bbox 1712 2186 1839 2214; x_wconf 87' lang='lat' dir='ltr'>tamen</span> <span class='ocrx_word' id='word_1_518' title='bbox 1869 2190 1949 2213; x_wconf 92' lang='lat' dir='ltr'>non</span> <span class='ocrx_word' id='word_1_519' title='bbox 1977 2176 2105 2213; x_wconf 89' lang='lat' dir='ltr'>veniat</span> <span class='ocrx_word' id='word_1_520' title='bbox 2125 2177 2216 2213; x_wconf 84' lang='lat' dir='ltr'>mihi</span> <span class='ocrx_word' id='word_1_521' title='bbox 2240 2190 2307 2227; x_wconf 88' lang='lat' dir='ltr'>pes</span> <span class='ocrx_word' id='word_1_522' title='bbox 2334 2190 2400 2214; x_wconf 85' lang='lat' dir='ltr'>sn-</span> 
     </span>
     <span class='ocr_line' id='line_1_70' title="bbox 1391 2237 2399 2291; baseline -0.003 -14"><span class='ocrx_word' id='word_1_523' title='bbox 1391 2239 1545 2291; x_wconf 81' lang='lat' dir='ltr'>perbiae.</span> <span class='ocrx_word' id='word_1_524' title='bbox 1572 2239 1650 2277; x_wconf 88' lang='lat' dir='ltr'>Etsi</span> <span class='ocrx_word' id='word_1_525' title='bbox 1679 2239 1780 2275; x_wconf 90' lang='lat' dir='ltr'>enim</span> <span class='ocrx_word' id='word_1_526' title='bbox 1813 2251 1880 2288; x_wconf 87' lang='lat' dir='ltr'>pes</span> <span class='ocrx_word' id='word_1_527' title='bbox 1912 2239 2044 2289; x_wconf 80' lang='lat' dir='ltr'>piger,</span> <span class='ocrx_word' id='word_1_528' title='bbox 2075 2245 2119 2274; x_wconf 84' lang='lat' dir='ltr'>ut</span> <span class='ocrx_word' id='word_1_529' title='bbox 2153 2237 2200 2274; x_wconf 85' lang='lat' dir='ltr'>ad</span> <span class='ocrx_word' id='word_1_530' title='bbox 2230 2238 2399 2275; x_wconf 80' lang='lat' dir='ltr'>veritatis</span> 
     </span>
     <span class='ocr_line' id='line_1_71' title="bbox 1390 2298 2399 2351; baseline -0.002 -14"><span class='ocrx_word' id='word_1_531' title='bbox 1390 2301 1549 2351; x_wconf 81' lang='lat' dir='ltr'>gradum</span> <span class='ocrx_word' id='word_1_532' title='bbox 1566 2300 1745 2337; x_wconf 85' lang='lat' dir='ltr'>ascendat</span> <span class='ocrx_word' id='word_1_533' title='bbox 1761 2329 1770 2345; x_wconf 90' lang='lat'>‚</span> <span class='ocrx_word' id='word_1_534' title='bbox 1786 2299 1949 2336; x_wconf 87' lang='lat' dir='ltr'>idoneus</span> <span class='ocrx_word' id='word_1_535' title='bbox 1965 2312 2044 2335; x_wconf 88' lang='lat' dir='ltr'>non</span> <span class='ocrx_word' id='word_1_536' title='bbox 2061 2306 2118 2335; x_wconf 86' lang='lat' dir='ltr'>est</span> <span class='ocrx_word' id='word_1_537' title='bbox 2138 2313 2146 2335; x_wconf 90' lang='lat'>:</span> <span class='ocrx_word' id='word_1_538' title='bbox 2166 2298 2399 2336; x_wconf 84' lang='lat' dir='ltr'>tolerabilior</span> 
     </span>
     <span class='ocr_line' id='line_1_72' title="bbox 1390 2360 2398 2410; baseline -0.002 -13"><span class='ocrx_word' id='word_1_539' title='bbox 1390 2370 1515 2397; x_wconf 88' lang='lat' dir='ltr'>tamen</span> <span class='ocrx_word' id='word_1_540' title='bbox 1542 2369 1599 2397; x_wconf 87' lang='lat' dir='ltr'>est</span> <span class='ocrx_word' id='word_1_541' title='bbox 1624 2360 1719 2407; x_wconf 91' lang='lat' dir='ltr'>isto,</span> <span class='ocrx_word' id='word_1_542' title='bbox 1737 2360 1800 2410; x_wconf 91' lang='lat' dir='ltr'>qui</span> <span class='ocrx_word' id='word_1_543' title='bbox 1828 2360 1867 2396; x_wconf 92' lang='lat' dir='ltr'>in</span> <span class='ocrx_word' id='word_1_544' title='bbox 1890 2373 1934 2396; x_wconf 87' lang='lat' dir='ltr'>ea</span> <span class='ocrx_word' id='word_1_545' title='bbox 1961 2367 2061 2396; x_wconf 86' lang='lat' dir='ltr'>stare</span> <span class='ocrx_word' id='word_1_546' title='bbox 2086 2372 2165 2396; x_wconf 91' lang='lat' dir='ltr'>non</span> <span class='ocrx_word' id='word_1_547' title='bbox 2189 2366 2339 2409; x_wconf 87' lang='lat' dir='ltr'>potest,</span> <span class='ocrx_word' id='word_1_548' title='bbox 2356 2367 2398 2396; x_wconf 89' lang='lat' dir='ltr'>ut</span> 
     </span>
     <span class='ocr_line' id='line_1_73' title="bbox 1390 2421 2395 2470; baseline -0.002 -11"><span class='ocrx_word' id='word_1_549' title='bbox 1390 2422 1505 2459; x_wconf 86' lang='lat' dir='ltr'>habes</span> <span class='ocrx_word' id='word_1_550' title='bbox 1529 2421 1605 2468; x_wconf 87' lang='lat' dir='ltr'>ibi,</span> <span class='ocrx_word' id='word_1_551' title='bbox 1624 2424 1791 2470; x_wconf 69' lang='lat' dir='ltr'>Expulsi</span> <span class='ocrx_word' id='word_1_552' title='bbox 1809 2430 1908 2465; x_wconf 77' lang='lat' dir='ltr'>sunt,</span> <span class='ocrx_word' id='word_1_553' title='bbox 1931 2435 1999 2456; x_wconf 78' lang='lat' dir='ltr'>nec</span> <span class='ocrx_word' id='word_1_554' title='bbox 2017 2429 2223 2469; x_wconf 74' lang='lat' dir='ltr'>potuerunt</span> <span class='ocrx_word' id='word_1_555' title='bbox 2242 2429 2342 2456; x_wconf 79' lang='lat' dir='ltr'>stare</span> <span class='ocrx_word' id='word_1_556' title='bbox 2352 2425 2395 2457; x_wconf 86' lang='lat'>²⁰.</span> 
     </span>
    </p>

    <p class='ocr_par' dir='ltr' id='par_1_18' title="bbox 1390 2479 2398 2593">
     <span class='ocr_line' id='line_1_74' title="bbox 1446 2479 2398 2531; baseline -0.003 -12"><span class='ocrx_word' id='word_1_557' title='bbox 1446 2484 1507 2519; x_wconf 82' lang='grc'>25.</span> <span class='ocrx_word' id='word_1_558' title='bbox 1526 2485 1574 2519; x_wconf 84' lang='lat' dir='ltr'>Et</span> <span class='ocrx_word' id='word_1_559' title='bbox 1588 2482 1662 2518; x_wconf 90' lang='grc'>1106</span> <span class='ocrx_word' id='word_1_560' title='bbox 1684 2481 1838 2531; x_wconf 88' lang='lat' dir='ltr'>quidem</span> <span class='ocrx_word' id='word_1_561' title='bbox 1857 2480 1903 2517; x_wconf 91' lang='lat' dir='ltr'>de</span> <span class='ocrx_word' id='word_1_562' title='bbox 1926 2479 2113 2530; x_wconf 76' lang='lat' dir='ltr'>superbiS.</span> <span class='ocrx_word' id='word_1_563' title='bbox 2142 2480 2214 2517; x_wconf 90' lang='lat' dir='ltr'>Sed</span> <span class='ocrx_word' id='word_1_564' title='bbox 2241 2480 2332 2530; x_wconf 88' lang='lat' dir='ltr'>quid</span> <span class='ocrx_word' id='word_1_565' title='bbox 2352 2479 2398 2517; x_wconf 88' lang='lat' dir='ltr'>de</span> 
     </span>
     <span class='ocr_line' id='line_1_75' title="bbox 1390 2539 2397 2593; baseline -0.005 -12"><span class='ocrx_word' id='word_1_566' title='bbox 1390 2545 1544 2581; x_wconf 83' lang='lat' dir='ltr'>illorum</span> <span class='ocrx_word' id='word_1_567' title='bbox 1574 2543 1720 2593; x_wconf 85' lang='lat' dir='ltr'>capite?</span> <span class='ocrx_word' id='word_1_568' title='bbox 1741 2541 1834 2592; x_wconf 92' lang='lat' dir='ltr'>quid</span> <span class='ocrx_word' id='word_1_569' title='bbox 1869 2541 1916 2578; x_wconf 86' lang='lat' dir='ltr'>de</span> <span class='ocrx_word' id='word_1_570' title='bbox 1952 2541 2040 2588; x_wconf 85' lang='lat' dir='ltr'>illo,</span> <span class='ocrx_word' id='word_1_571' title='bbox 2062 2540 2128 2590; x_wconf 90' lang='lat' dir='ltr'>qui</span> <span class='ocrx_word' id='word_1_572' title='bbox 2160 2539 2300 2577; x_wconf 81' lang='lat' dir='ltr'>dicitur</span> <span class='ocrx_word' id='word_1_573' title='bbox 2330 2553 2397 2577; x_wconf 72' lang='lat' dir='ltr'>rea:</span> 
     </span>
    </p>
   </div>
   <div class='ocr_carea' id='block_1_18' title="bbox 313 2600 2394 2653">
    <p class='ocr_par' dir='ltr' id='par_1_19' title="bbox 313 2600 2394 2653">
     <span class='ocr_line' id='line_1_76' title="bbox 313 2600 2394 2653; baseline -0.001 -14"><span class='ocrx_word' id='word_1_574' title='bbox 313 2603 477 2653; x_wconf 85' lang='lat' dir='ltr'>suscepit</span> <span class='ocrx_word' id='word_1_575' title='bbox 489 2616 575 2639; x_wconf 89' lang='lat' dir='ltr'>eum</span> <span class='ocrx_word' id='word_1_576' title='bbox 587 2602 633 2638; x_wconf 88' lang='lat' dir='ltr'>ab</span> <span class='ocrx_word' id='word_1_577' title='bbox 650 2602 770 2639; x_wconf 87' lang='lat' dir='ltr'>oculis</span> <span class='ocrx_word' id='word_1_578' title='bbox 785 2601 1001 2638; x_wconf 88' lang='lat' dir='ltr'>carnalibus</span> <span class='ocrx_word' id='word_1_579' title='bbox 1016 2602 1291 2652; x_wconf 85' lang='lat' dir='ltr'>discipulorum</span> <span class='ocrx_word' id='word_1_580' title='bbox 1310 2618 1317 2640; x_wconf 89' lang='lat'>:</span> <span class='ocrx_word' id='word_1_581' title='bbox 1337 2607 1368 2640; x_wconf 96' lang='lat' dir='ltr'>D</span> <span class='ocrx_word' id='word_1_582' title='bbox 1389 2618 1500 2653; x_wconf 74' lang='lat' dir='ltr'>super</span> <span class='ocrx_word' id='word_1_583' title='bbox 1517 2603 1758 2650; x_wconf 70' lang='lat' dir='ltr'>olnnesfilios</span> <span class='ocrx_word' id='word_1_584' title='bbox 1781 2600 2006 2650; x_wconf 70' lang='lat' dir='ltr'>saperhloe²¹</span> <span class='ocrx_word' id='word_1_585' title='bbox 2022 2603 2036 2637; x_wconf 72' lang='grc' dir='ltr'><strong><em>Ρ</em></strong></span> <span class='ocrx_word' id='word_1_586' title='bbox 2056 2604 2103 2638; x_wconf 92' lang='lat' dir='ltr'>Et</span> <span class='ocrx_word' id='word_1_587' title='bbox 2132 2605 2222 2650; x_wconf 84' lang='lat' dir='ltr'>ipse,</span> <span class='ocrx_word' id='word_1_588' title='bbox 2251 2600 2394 2650; x_wconf 88' lang='lat' dir='ltr'>inquit,</span> 
     </span>
    </p>
   </div>
   <div class='ocr_carea' id='block_1_19' title="bbox 313 2663 1320 3076">
    <p class='ocr_par' dir='ltr' id='par_1_20' title="bbox 313 2663 1320 3076">
     <span class='ocr_line' id='line_1_77' title="bbox 314 2663 1315 2711; baseline 0.002 -14"><span class='ocrx_word' id='word_1_589' title='bbox 314 2663 380 2711; x_wconf 87' lang='lat' dir='ltr'>qui</span> <span class='ocrx_word' id='word_1_590' title='bbox 399 2663 468 2700; x_wconf 87' lang='lat' dir='ltr'>etsi</span> <span class='ocrx_word' id='word_1_591' title='bbox 484 2663 674 2701; x_wconf 87' lang='lat' dir='ltr'>Christum</span> <span class='ocrx_word' id='word_1_592' title='bbox 695 2671 883 2699; x_wconf 87' lang='lat' dir='ltr'>noverant</span> <span class='ocrx_word' id='word_1_593' title='bbox 907 2663 1115 2699; x_wconf 88' lang='lat' dir='ltr'>secundum</span> <span class='ocrx_word' id='word_1_594' title='bbox 1140 2677 1315 2710; x_wconf 87' lang='lat' dir='ltr'>carncm;</span> 
     </span>
     <span class='ocr_line' id='line_1_78' title="bbox 314 2723 1318 2774; baseline 0.001 -15"><span class='ocrx_word' id='word_1_595' title='bbox 314 2723 379 2759; x_wconf 85' lang='lat' dir='ltr'>scd</span> <span class='ocrx_word' id='word_1_596' title='bbox 399 2724 497 2760; x_wconf 88' lang='lat' dir='ltr'>ultra</span> <span class='ocrx_word' id='word_1_597' title='bbox 508 2723 586 2772; x_wconf 87' lang='lat' dir='ltr'>jam</span> <span class='ocrx_word' id='word_1_598' title='bbox 601 2737 679 2760; x_wconf 92' lang='lat' dir='ltr'>non</span> <span class='ocrx_word' id='word_1_599' title='bbox 701 2731 913 2760; x_wconf 84' lang='lat' dir='ltr'>noscerent.</span> <span class='ocrx_word' id='word_1_600' title='bbox 930 2727 1035 2772; x_wconf 88' lang='lat' dir='ltr'>Quos</span> <span class='ocrx_word' id='word_1_601' title='bbox 1054 2737 1144 2773; x_wconf 80' lang='lat' dir='ltr'>ergo</span> <span class='ocrx_word' id='word_1_602' title='bbox 1161 2737 1230 2774; x_wconf 89' lang='lat' dir='ltr'>per</span> <span class='ocrx_word' id='word_1_603' title='bbox 1250 2725 1318 2761; x_wconf 88' lang='lat' dir='ltr'>hu-</span> 
     </span>
     <span class='ocr_line' id='line_1_79' title="bbox 317 2783 1318 2834; baseline 0.001 -16"><span class='ocrx_word' id='word_1_604' title='bbox 317 2783 511 2820; x_wconf 86' lang='lat' dir='ltr'>militatem</span> <span class='ocrx_word' id='word_1_605' title='bbox 537 2784 584 2820; x_wconf 90' lang='lat' dir='ltr'>ad</span> <span class='ocrx_word' id='word_1_606' title='bbox 608 2784 775 2834; x_wconf 89' lang='lat' dir='ltr'>primum</span> <span class='ocrx_word' id='word_1_607' title='bbox 806 2784 942 2820; x_wconf 83' lang='lat' dir='ltr'>coelum</span> <span class='ocrx_word' id='word_1_608' title='bbox 963 2784 1078 2821; x_wconf 87' lang='lat' dir='ltr'>Filius</span> <span class='ocrx_word' id='word_1_609' title='bbox 1096 2792 1231 2831; x_wconf 86' lang='lat' dir='ltr'>vocat,</span> <span class='ocrx_word' id='word_1_610' title='bbox 1249 2784 1318 2820; x_wconf 88' lang='lat' dir='ltr'>hos</span> 
     </span>
     <span class='ocr_line' id='line_1_80' title="bbox 317 2841 1316 2893; baseline 0.003 -16"><span class='ocrx_word' id='word_1_611' title='bbox 317 2841 355 2877; x_wconf 90' lang='lat' dir='ltr'>in</span> <span class='ocrx_word' id='word_1_612' title='bbox 378 2843 544 2879; x_wconf 88' lang='lat' dir='ltr'>secundo</span> <span class='ocrx_word' id='word_1_613' title='bbox 573 2858 642 2893; x_wconf 86' lang='lat' dir='ltr'>per</span> <span class='ocrx_word' id='word_1_614' title='bbox 668 2844 890 2880; x_wconf 84' lang='lat' dir='ltr'>charitatem</span> <span class='ocrx_word' id='word_1_615' title='bbox 926 2844 1087 2893; x_wconf 87' lang='lat' dir='ltr'>Spiritus</span> <span class='ocrx_word' id='word_1_616' title='bbox 1116 2852 1316 2893; x_wconf 75' lang='lat' dir='ltr'>aggregat,</span> 
     </span>
     <span class='ocr_line' id='line_1_81' title="bbox 313 2901 1318 2954; baseline 0.004 -17"><span class='ocrx_word' id='word_1_617' title='bbox 313 2901 362 2937; x_wconf 90' lang='lat' dir='ltr'>ad</span> <span class='ocrx_word' id='word_1_618' title='bbox 381 2903 529 2938; x_wconf 89' lang='lat' dir='ltr'>tertium</span> <span class='ocrx_word' id='word_1_619' title='bbox 550 2917 618 2952; x_wconf 86' lang='lat' dir='ltr'>per</span> <span class='ocrx_word' id='word_1_620' title='bbox 643 2905 1006 2954; x_wconf 87' lang='lat' dir='ltr'>contemplationem</span> <span class='ocrx_word' id='word_1_621' title='bbox 1031 2909 1142 2941; x_wconf 84' lang='lat' dir='ltr'>Pater</span> <span class='ocrx_word' id='word_1_622' title='bbox 1167 2905 1318 2941; x_wconf 82' lang='lat' dir='ltr'>exaltat.</span> 
     </span>
     <span class='ocr_line' id='line_1_82' title="bbox 316 2962 1320 3012; baseline 0.005 -15"><span class='ocrx_word' id='word_1_623' title='bbox 316 2962 442 2998; x_wconf 90' lang='lat' dir='ltr'>Primo</span> <span class='ocrx_word' id='word_1_624' title='bbox 476 2962 724 3000; x_wconf 88' lang='lat' dir='ltr'>humiliantur</span> <span class='ocrx_word' id='word_1_625' title='bbox 756 2965 795 3000; x_wconf 91' lang='lat' dir='ltr'>in</span> <span class='ocrx_word' id='word_1_626' title='bbox 824 2966 1005 3012; x_wconf 86' lang='lat' dir='ltr'>veritate,</span> <span class='ocrx_word' id='word_1_627' title='bbox 1025 2974 1062 3002; x_wconf 90' lang='lat' dir='ltr'>et</span> <span class='ocrx_word' id='word_1_628' title='bbox 1094 2965 1248 3011; x_wconf 86' lang='lat' dir='ltr'>dicunt,</span> <span class='ocrx_word' id='word_1_629' title='bbox 1275 2970 1320 3002; x_wconf 69' lang='lat' dir='ltr'>Iu</span> 
     </span>
     <span class='ocr_line' id='line_1_83' title="bbox 315 3024 1319 3076; baseline 0.006 -19"><span class='ocrx_word' id='word_1_630' title='bbox 315 3025 474 3058; x_wconf 76' lang='lat' dir='ltr'>veritate</span> <span class='ocrx_word' id='word_1_631' title='bbox 495 3031 559 3058; x_wconf 76' lang='lat' dir='ltr'>tua</span> <span class='ocrx_word' id='word_1_632' title='bbox 577 3024 782 3060; x_wconf 76' lang='lat' dir='ltr'>humiliasti</span> <span class='ocrx_word' id='word_1_633' title='bbox 807 3039 865 3060; x_wconf 83' lang='lat' dir='ltr'>me</span> <span class='ocrx_word' id='word_1_634' title='bbox 879 3025 921 3061; x_wconf 76' lang='lat'>¹⁵.</span> <span class='ocrx_word' id='word_1_635' title='bbox 954 3025 1129 3063; x_wconf 83' lang='lat' dir='ltr'>Secundo</span> <span class='ocrx_word' id='word_1_636' title='bbox 1148 3039 1319 3076; x_wconf 74' lang='lat' dir='ltr'>congau-</span> 
     </span>
    </p>
   </div>
   <div class='ocr_carea' id='block_1_20' title="bbox 1385 2660 2396 3073">
    <p class='ocr_par' dir='ltr' id='par_1_21' title="bbox 1385 2660 2396 3073">
     <span class='ocr_line' id='line_1_84' title="bbox 1386 2660 2396 2708; baseline -0.005 -7"><span class='ocrx_word' id='word_1_637' title='bbox 1386 2670 1424 2701; x_wconf 82' lang='lat' dir='ltr'>in</span> <span class='ocrx_word' id='word_1_638' title='bbox 1451 2668 1612 2701; x_wconf 76' lang='lat' dir='ltr'>veritate</span> <span class='ocrx_word' id='word_1_639' title='bbox 1645 2677 1718 2698; x_wconf 74' lang='lat' dir='ltr'>non</span> <span class='ocrx_word' id='word_1_640' title='bbox 1747 2667 1889 2698; x_wconf 56' lang='lat' dir='ltr'>stetitss²</span> <span class='ocrx_word' id='word_1_641' title='bbox 1912 2677 1920 2699; x_wconf 76' lang='lat' dir='ltr'>z</span> <span class='ocrx_word' id='word_1_642' title='bbox 1943 2670 1980 2698; x_wconf 88' lang='lat' dir='ltr'>et</span> <span class='ocrx_word' id='word_1_643' title='bbox 1998 2660 2110 2708; x_wconf 85' lang='lat' dir='ltr'>alibi,</span> <span class='ocrx_word' id='word_1_644' title='bbox 2136 2661 2315 2698; x_wconf 80' lang='lat' dir='ltr'>Videbam</span> <span class='ocrx_word' id='word_1_645' title='bbox 2340 2673 2396 2696; x_wconf 81' lang='lat' dir='ltr'>sa-</span> 
     </span>
     <span class='ocr_line' id='line_1_85' title="bbox 1385 2720 2396 2773; baseline -0.004 -12"><span class='ocrx_word' id='word_1_646' title='bbox 1385 2735 1515 2761; x_wconf 78' lang='lat' dir='ltr'>tanam</span> <span class='ocrx_word' id='word_1_647' title='bbox 1546 2728 1639 2760; x_wconf 77' lang='lat' dir='ltr'>sicut</span> <span class='ocrx_word' id='word_1_648' title='bbox 1651 2722 1787 2773; x_wconf 74' lang='lat' dir='ltr'>fulgur</span> <span class='ocrx_word' id='word_1_649' title='bbox 1804 2725 1997 2759; x_wconf 77' lang='lat' dir='ltr'>cadentem</span> <span class='ocrx_word' id='word_1_650' title='bbox 2026 2723 2071 2758; x_wconf 79' lang='lat' dir='ltr'>de</span> <span class='ocrx_word' id='word_1_651' title='bbox 2098 2724 2192 2758; x_wconf 85' lang='lat' dir='ltr'>coelo</span> <span class='ocrx_word' id='word_1_652' title='bbox 2208 2720 2251 2758; x_wconf 81' lang='lat'>²3.</span> <span class='ocrx_word' id='word_1_653' title='bbox 2273 2724 2396 2770; x_wconf 83' lang='lat' dir='ltr'>Quare</span> 
     </span>
     <span class='ocr_line' id='line_1_86' title="bbox 1385 2781 2396 2833; baseline -0.004 -12"><span class='ocrx_word' id='word_1_654' title='bbox 1385 2785 1482 2831; x_wconf 89' lang='lat' dir='ltr'>hoc,</span> <span class='ocrx_word' id='word_1_655' title='bbox 1507 2783 1579 2820; x_wconf 89' lang='lat' dir='ltr'>nisi</span> <span class='ocrx_word' id='word_1_656' title='bbox 1607 2791 1767 2833; x_wconf 84' lang='lat' dir='ltr'>propter</span> <span class='ocrx_word' id='word_1_657' title='bbox 1797 2782 2045 2833; x_wconf 80' lang='lat' dir='ltr'>superbiam?</span> <span class='ocrx_word' id='word_1_658' title='bbox 2070 2785 2134 2820; x_wconf 88' lang='lat' dir='ltr'>Vae</span> <span class='ocrx_word' id='word_1_659' title='bbox 2164 2781 2278 2828; x_wconf 90' lang='lat' dir='ltr'>mihi,</span> <span class='ocrx_word' id='word_1_660' title='bbox 2300 2781 2330 2817; x_wconf 87' lang='lat' dir='ltr'>si</span> <span class='ocrx_word' id='word_1_661' title='bbox 2360 2789 2396 2817; x_wconf 89' lang='lat' dir='ltr'>et</span> 
     </span>
     <span class='ocr_line' id='line_1_87' title="bbox 1388 2842 2396 2893; baseline -0.004 -12"><span class='ocrx_word' id='word_1_662' title='bbox 1388 2859 1447 2882; x_wconf 84' lang='lat' dir='ltr'>me</span> <span class='ocrx_word' id='word_1_663' title='bbox 1467 2843 1627 2889; x_wconf 80' lang='lat' dir='ltr'>viderit,</span> <span class='ocrx_word' id='word_1_664' title='bbox 1652 2843 1717 2893; x_wconf 89' lang='lat' dir='ltr'>qui</span> <span class='ocrx_word' id='word_1_665' title='bbox 1742 2844 1817 2880; x_wconf 87' lang='lat' dir='ltr'>alta</span> <span class='ocrx_word' id='word_1_666' title='bbox 1837 2856 1858 2879; x_wconf 91' lang='lat' dir='ltr'>a</span> <span class='ocrx_word' id='word_1_667' title='bbox 1877 2844 1991 2892; x_wconf 83' lang='lat' dir='ltr'>longe</span> <span class='ocrx_word' id='word_1_668' title='bbox 2012 2842 2209 2892; x_wconf 83' lang='lat' dir='ltr'>cognoscit</span> <span class='ocrx_word' id='word_1_669' title='bbox 2226 2870 2236 2887; x_wconf 91' lang='lat'>,</span> <span class='ocrx_word' id='word_1_670' title='bbox 2263 2853 2396 2891; x_wconf 88' lang='lat' dir='ltr'>super-</span> 
     </span>
     <span class='ocr_line' id='line_1_88' title="bbox 1387 2902 2395 2951; baseline -0.003 -10"><span class='ocrx_word' id='word_1_671' title='bbox 1387 2905 1578 2951; x_wconf 81' lang='lat' dir='ltr'>bientem3</span> <span class='ocrx_word' id='word_1_672' title='bbox 1598 2912 1635 2940; x_wconf 88' lang='lat' dir='ltr'>ct</span> <span class='ocrx_word' id='word_1_673' title='bbox 1654 2904 1757 2940; x_wconf 88' lang='lat' dir='ltr'>illam</span> <span class='ocrx_word' id='word_1_674' title='bbox 1781 2904 1818 2940; x_wconf 90' lang='lat' dir='ltr'>in</span> <span class='ocrx_word' id='word_1_675' title='bbox 1841 2917 1901 2940; x_wconf 90' lang='lat' dir='ltr'>me</span> <span class='ocrx_word' id='word_1_676' title='bbox 1927 2903 2136 2940; x_wconf 83' lang='lat' dir='ltr'>terribilem</span> <span class='ocrx_word' id='word_1_677' title='bbox 2153 2902 2300 2939; x_wconf 85' lang='lat' dir='ltr'>intonet</span> <span class='ocrx_word' id='word_1_678' title='bbox 2327 2913 2395 2938; x_wconf 91' lang='lat' dir='ltr'>vo-</span> 
     </span>
     <span class='ocr_line' id='line_1_89' title="bbox 1388 2962 2396 3014; baseline -0.005 -11"><span class='ocrx_word' id='word_1_679' title='bbox 1388 2979 1469 3003; x_wconf 88' lang='lat' dir='ltr'>cem</span> <span class='ocrx_word' id='word_1_680' title='bbox 1490 2980 1497 3001; x_wconf 91' lang='lat'><strong>:</strong></span> <span class='ocrx_word' id='word_1_681' title='bbox 1519 2968 1575 3001; x_wconf 92' lang='lat' dir='ltr'>Tu</span> <span class='ocrx_word' id='word_1_682' title='bbox 1595 2964 1751 3014; x_wconf 85' lang='lat' dir='ltr'>quidem</span> <span class='ocrx_word' id='word_1_683' title='bbox 1778 2964 1878 3001; x_wconf 87' lang='lat' dir='ltr'>filius</span> <span class='ocrx_word' id='word_1_684' title='bbox 1907 2964 2055 3000; x_wconf 87' lang='lat' dir='ltr'>Excelsi</span> <span class='ocrx_word' id='word_1_685' title='bbox 2082 2976 2165 3001; x_wconf 89' lang='lat' dir='ltr'>eras</span> <span class='ocrx_word' id='word_1_686' title='bbox 2179 2991 2190 3009; x_wconf 89' lang='lat'><strong><em>‚</em></strong></span> <span class='ocrx_word' id='word_1_687' title='bbox 2211 2962 2277 3000; x_wconf 87' lang='lat' dir='ltr'>sed</span> <span class='ocrx_word' id='word_1_688' title='bbox 2301 2962 2396 2999; x_wconf 87' lang='lat' dir='ltr'>sicut</span> 
     </span>
     <span class='ocr_line' id='line_1_90' title="bbox 1386 3020 2394 3073; baseline -0.005 -11"><span class='ocrx_word' id='word_1_689' title='bbox 1386 3027 1502 3063; x_wconf 91' lang='lat' dir='ltr'>homo</span> <span class='ocrx_word' id='word_1_690' title='bbox 1529 3024 1724 3071; x_wconf 80' lang='lat' dir='ltr'>morieris,</span> <span class='ocrx_word' id='word_1_691' title='bbox 1754 3032 1792 3060; x_wconf 86' lang='lat' dir='ltr'>et</span> <span class='ocrx_word' id='word_1_692' title='bbox 1828 3024 1927 3061; x_wconf 89' lang='lat' dir='ltr'>sicut</span> <span class='ocrx_word' id='word_1_693' title='bbox 1957 3037 2057 3061; x_wconf 89' lang='lat' dir='ltr'>unus</span> <span class='ocrx_word' id='word_1_694' title='bbox 2085 3023 2132 3060; x_wconf 87' lang='lat' dir='ltr'>de</span> <span class='ocrx_word' id='word_1_695' title='bbox 2161 3020 2394 3073; x_wconf 85' lang='lat' dir='ltr'>principibus</span> 
     </span>
    </p>
   </div>
   <div class='ocr_carea' id='block_1_21' title="bbox 309 3174 2396 3378">
    <p class='ocr_par' dir='ltr' id='par_1_22' title="bbox 309 3174 2396 3378">
     <span class='ocr_line' id='line_1_91' title="bbox 367 3174 2393 3219; baseline -0.004 -5"><span class='ocrx_word' id='word_1_696' title='bbox 367 3182 374 3196; x_wconf 87' lang='lat'>¹</span> <span class='ocrx_word' id='word_1_697' title='bbox 397 3175 500 3208; x_wconf 60' lang='lat' dir='ltr'>Galat·</span> <span class='ocrx_word' id='word_1_698' title='bbox 520 3187 566 3213; x_wconf 82' lang='lat' dir='ltr'>1v,</span> <span class='ocrx_word' id='word_1_699' title='bbox 588 3177 617 3205; x_wconf 70' lang='lat'>4·</span> <span class='ocrx_word' id='word_1_700' title='bbox 645 3194 688 3198; x_wconf 67' lang='lat'><em>-</em></span> <span class='ocrx_word' id='word_1_701' title='bbox 707 3180 719 3195; x_wconf 85' lang='lat'>²</span> <span class='ocrx_word' id='word_1_702' title='bbox 746 3175 819 3209; x_wconf 57' lang='lat'>1⁵³3-</span> <span class='ocrx_word' id='word_1_703' title='bbox 841 3187 915 3214; x_wconf 50' lang='lat'>¹15¹,</span> <span class='ocrx_word' id='word_1_704' title='bbox 944 3180 971 3208; x_wconf 79' lang='lat'>¹-</span> <span class='ocrx_word' id='word_1_705' title='bbox 991 3194 1036 3199; x_wconf 91' lang='grc'>--</span> <span class='ocrx_word' id='word_1_706' title='bbox 1060 3175 1073 3197; x_wconf 87' lang='lat'>3</span> <span class='ocrx_word' id='word_1_707' title='bbox 1098 3177 1145 3209; x_wconf 83' lang='grc'>111,</span> <span class='ocrx_word' id='word_1_708' title='bbox 1160 3189 1290 3219; x_wconf 80' lang='lat' dir='ltr'>XLV111,</span> <span class='ocrx_word' id='word_1_709' title='bbox 1311 3184 1362 3212; x_wconf 77' lang='lat'>16.</span> <span class='ocrx_word' id='word_1_710' title='bbox 1376 3198 1421 3203; x_wconf 94' lang='lat'>-</span> <span class='ocrx_word' id='word_1_711' title='bbox 1437 3180 1450 3207; x_wconf 62' lang='grc'>4</span> <span class='ocrx_word' id='word_1_712' title='bbox 1464 3183 1559 3212; x_wconf 85' lang='lat' dir='ltr'>Joan.</span> <span class='ocrx_word' id='word_1_713' title='bbox 1573 3192 1644 3219; x_wconf 74' lang='lat' dir='ltr'>xxv,</span> <span class='ocrx_word' id='word_1_714' title='bbox 1664 3184 1719 3212; x_wconf 76' lang='lat'>20,</span> <span class='ocrx_word' id='word_1_715' title='bbox 1736 3198 1781 3203; x_wconf 82' lang='lat'>—</span> <span class='ocrx_word' id='word_1_716' title='bbox 1795 3177 1808 3201; x_wconf 88' lang='lat'>⁵</span> <span class='ocrx_word' id='word_1_717' title='bbox 1830 3179 1877 3211; x_wconf 91' lang='lat' dir='ltr'>Id.</span> <span class='ocrx_word' id='word_1_718' title='bbox 1901 3190 1958 3210; x_wconf 80' lang='lat' dir='ltr'>xvt</span> <span class='ocrx_word' id='word_1_719' title='bbox 1972 3202 1979 3216; x_wconf 85' lang='lat'>‚</span> <span class='ocrx_word' id='word_1_720' title='bbox 1998 3180 2029 3209; x_wconf 91' lang='lat'>7.</span> <span class='ocrx_word' id='word_1_721' title='bbox 2044 3174 2119 3200; x_wconf 77' lang='lat'>——6</span> <span class='ocrx_word' id='word_1_722' title='bbox 2143 3175 2258 3208; x_wconf 77' lang='lat' dir='ltr'>Mnuh.</span> <span class='ocrx_word' id='word_1_723' title='bbox 2284 3186 2372 3206; x_wconf 76' lang='lat' dir='ltr'>xxnr</span> <span class='ocrx_word' id='word_1_724' title='bbox 2386 3198 2393 3212; x_wconf 96' lang='lat'><strong>‚</strong></span> 
     </span>
     <span class='ocr_line' id='line_1_92' title="bbox 316 3227 2396 3273; baseline -0.002 -11"><span class='ocrx_word' id='word_1_725' title='bbox 316 3234 347 3262; x_wconf 77' lang='grc'>9.</span> <span class='ocrx_word' id='word_1_726' title='bbox 364 3248 408 3252; x_wconf 93' lang='grc'>-</span> <span class='ocrx_word' id='word_1_727' title='bbox 423 3237 436 3260; x_wconf 96' lang='grc'>7</span> <span class='ocrx_word' id='word_1_728' title='bbox 453 3230 501 3261; x_wconf 87' lang='lat' dir='ltr'>Id.</span> <span class='ocrx_word' id='word_1_729' title='bbox 517 3242 550 3260; x_wconf 76' lang='lat' dir='ltr'>vx</span> <span class='ocrx_word' id='word_1_730' title='bbox 565 3254 572 3268; x_wconf 86' lang='lat'>,</span> <span class='ocrx_word' id='word_1_731' title='bbox 592 3233 626 3260; x_wconf 77' lang='lat'>9.</span> <span class='ocrx_word' id='word_1_732' title='bbox 644 3247 685 3252; x_wconf 79' lang='lat'>-—</span> <span class='ocrx_word' id='word_1_733' title='bbox 703 3227 715 3250; x_wconf 84' lang='lat'>8</span> <span class='ocrx_word' id='word_1_734' title='bbox 733 3232 980 3266; x_wconf 69' lang='lat' dir='ltr'>Joa11.111,13.</span> <span class='ocrx_word' id='word_1_735' title='bbox 995 3249 1038 3252; x_wconf 48' lang='grc' dir='ltr'>»ἡ</span> <span class='ocrx_word' id='word_1_736' title='bbox 1054 3237 1068 3259; x_wconf 77' lang='lat'><strong>9</strong></span> <span class='ocrx_word' id='word_1_737' title='bbox 1084 3232 1164 3262; x_wconf 86' lang='lat' dir='ltr'>Psal.</span> <span class='ocrx_word' id='word_1_738' title='bbox 1180 3244 1265 3262; x_wconf 82' lang='lat' dir='ltr'>xv111</span> <span class='ocrx_word' id='word_1_739' title='bbox 1281 3258 1288 3270; x_wconf 75' lang='lat'>,</span> <span class='ocrx_word' id='word_1_740' title='bbox 1309 3235 1339 3264; x_wconf 83' lang='lat'>7.</span> <span class='ocrx_word' id='word_1_741' title='bbox 1355 3251 1399 3255; x_wconf 90' lang='lat'>—</span> <span class='ocrx_word' id='word_1_742' title='bbox 1416 3239 1446 3253; x_wconf 86' lang='lat'>¹0</span> <span class='ocrx_word' id='word_1_743' title='bbox 1465 3235 1536 3264; x_wconf 80' lang='lat' dir='ltr'>Act.</span> <span class='ocrx_word' id='word_1_744' title='bbox 1556 3245 1566 3263; x_wconf 92' lang='lat'>1</span> <span class='ocrx_word' id='word_1_745' title='bbox 1582 3257 1590 3271; x_wconf 86' lang='lat'>,</span> <span class='ocrx_word' id='word_1_746' title='bbox 1609 3237 1641 3264; x_wconf 78' lang='lat'>9.</span> <span class='ocrx_word' id='word_1_747' title='bbox 1656 3251 1693 3256; x_wconf 76' lang='lat'>——</span> <span class='ocrx_word' id='word_1_748' title='bbox 1718 3239 1744 3253; x_wconf 86' lang='lat'>¹¹</span> <span class='ocrx_word' id='word_1_749' title='bbox 1769 3235 1815 3263; x_wconf 83' lang='lat' dir='ltr'>IV</span> <span class='ocrx_word' id='word_1_750' title='bbox 1828 3235 1903 3273; x_wconf 65' lang='lat' dir='ltr'>Rvg.</span> <span class='ocrx_word' id='word_1_751' title='bbox 1923 3243 1961 3262; x_wconf 86' lang='lat'>11.</span> <span class='ocrx_word' id='word_1_752' title='bbox 1977 3249 2021 3253; x_wconf 86' lang='lat'>—-</span> <span class='ocrx_word' id='word_1_753' title='bbox 2037 3236 2066 3252; x_wconf 85' lang='lat'>¹²</span> <span class='ocrx_word' id='word_1_754' title='bbox 2083 3233 2114 3261; x_wconf 94' lang='lat' dir='ltr'>II</span> <span class='ocrx_word' id='word_1_755' title='bbox 2131 3231 2202 3262; x_wconf 85' lang='lat' dir='ltr'>Cor.</span> <span class='ocrx_word' id='word_1_756' title='bbox 2216 3240 2265 3259; x_wconf 72' lang='grc' dir='ltr'>ΧΠ</span> <span class='ocrx_word' id='word_1_757' title='bbox 2279 3252 2287 3265; x_wconf 86' lang='grc'>,</span> <span class='ocrx_word' id='word_1_758' title='bbox 2306 3231 2335 3258; x_wconf 85' lang='grc'>2.</span> <span class='ocrx_word' id='word_1_759' title='bbox 2351 3245 2396 3250; x_wconf 90' lang='lat'>—--</span> 
     </span>
     <span class='ocr_line' id='line_1_93' title="bbox 315 3278 2392 3324; baseline -0.003 -9"><span class='ocrx_word' id='word_1_760' title='bbox 315 3283 346 3306; x_wconf 73' lang='lat'>¹3</span> <span class='ocrx_word' id='word_1_761' title='bbox 373 3284 468 3315; x_wconf 75' lang='lat' dir='ltr'>Eccli.</span> <span class='ocrx_word' id='word_1_762' title='bbox 496 3296 585 3322; x_wconf 57' lang='grc' dir='ltr'>κων,</span> <span class='ocrx_word' id='word_1_763' title='bbox 619 3286 670 3314; x_wconf 81' lang='grc'>16.</span> <span class='ocrx_word' id='word_1_764' title='bbox 686 3303 729 3305; x_wconf 46' lang='grc' dir='ltr'>ω-</span> <span class='ocrx_word' id='word_1_765' title='bbox 747 3282 775 3308; x_wconf 61' lang='lat'>¹⁴*</span> <span class='ocrx_word' id='word_1_766' title='bbox 799 3285 864 3313; x_wconf 77' lang='lat' dir='ltr'>Act.</span> <span class='ocrx_word' id='word_1_767' title='bbox 891 3295 923 3320; x_wconf 84' lang='grc'>1,</span> <span class='ocrx_word' id='word_1_768' title='bbox 950 3287 980 3314; x_wconf 66' lang='lat' dir='ltr'>t).</span> <span class='ocrx_word' id='word_1_769' title='bbox 994 3301 1039 3307; x_wconf 89' lang='lat'>-—-</span> <span class='ocrx_word' id='word_1_770' title='bbox 1056 3281 1085 3304; x_wconf 85' lang='lat'>¹⁵</span> <span class='ocrx_word' id='word_1_771' title='bbox 1108 3286 1186 3315; x_wconf 74' lang='lat' dir='ltr'>l‘sal.</span> <span class='ocrx_word' id='word_1_772' title='bbox 1201 3298 1306 3316; x_wconf 78' lang='lat' dir='ltr'>cxvm</span> <span class='ocrx_word' id='word_1_773' title='bbox 1322 3311 1329 3324; x_wconf 82' lang='lat'>‚</span> <span class='ocrx_word' id='word_1_774' title='bbox 1348 3291 1402 3319; x_wconf 67' lang='grc'>75.</span> <span class='ocrx_word' id='word_1_775' title='bbox 1418 3306 1463 3309; x_wconf 77' lang='lat'>——</span> <span class='ocrx_word' id='word_1_776' title='bbox 1480 3285 1605 3318; x_wconf 63' lang='grc' dir='ltr'>16Ρ5111.</span> <span class='ocrx_word' id='word_1_777' title='bbox 1630 3297 1746 3316; x_wconf 77' lang='lat' dir='ltr'>cxxxu</span> <span class='ocrx_word' id='word_1_778' title='bbox 1761 3309 1768 3322; x_wconf 81' lang='lat'>,</span> <span class='ocrx_word' id='word_1_779' title='bbox 1798 3290 1825 3317; x_wconf 85' lang='lat'>1.</span> <span class='ocrx_word' id='word_1_780' title='bbox 1841 3304 1887 3307; x_wconf 97' lang='lat'><strong>—</strong></span> <span class='ocrx_word' id='word_1_781' title='bbox 1904 3291 1932 3315; x_wconf 91' lang='lat'>¹7</span> <span class='ocrx_word' id='word_1_782' title='bbox 1949 3288 1961 3315; x_wconf 89' lang='lat'>1</span> <span class='ocrx_word' id='word_1_783' title='bbox 1978 3285 2050 3316; x_wconf 87' lang='lat' dir='ltr'>Cor.</span> <span class='ocrx_word' id='word_1_784' title='bbox 2067 3294 2130 3313; x_wconf 79' lang='lat' dir='ltr'>xm</span> <span class='ocrx_word' id='word_1_785' title='bbox 2146 3306 2153 3320; x_wconf 84' lang='grc'>,</span> <span class='ocrx_word' id='word_1_786' title='bbox 2171 3286 2202 3314; x_wconf 86' lang='grc'>6.</span> <span class='ocrx_word' id='word_1_787' title='bbox 2218 3299 2262 3303; x_wconf 91' lang='lat'>—-</span> <span class='ocrx_word' id='word_1_788' title='bbox 2279 3279 2308 3303; x_wconf 76' lang='lat'>¹3</span> <span class='ocrx_word' id='word_1_789' title='bbox 2321 3278 2392 3311; x_wconf 80' lang='lat' dir='ltr'>Isai-</span> 
     </span>
     <span class='ocr_line' id='line_1_94' title="bbox 309 3332 2393 3378; baseline -0.001 -10"><span class='ocrx_word' id='word_1_790' title='bbox 309 3351 411 3376; x_wconf 75' lang='lat' dir='ltr'>xxxv,</span> <span class='ocrx_word' id='word_1_791' title='bbox 444 3342 495 3370; x_wconf 78' lang='lat'>10.</span> <span class='ocrx_word' id='word_1_792' title='bbox 522 3356 566 3361; x_wconf 37' lang='lat' dir='ltr'>—e</span> <span class='ocrx_word' id='word_1_793' title='bbox 597 3343 626 3367; x_wconf 86' lang='lat'>¹9</span> <span class='ocrx_word' id='word_1_794' title='bbox 651 3336 713 3369; x_wconf 84' lang='lat' dir='ltr'>Job</span> <span class='ocrx_word' id='word_1_795' title='bbox 753 3348 831 3373; x_wconf 73' lang='lat' dir='ltr'>xiv,</span> <span class='ocrx_word' id='word_1_796' title='bbox 865 3339 915 3366; x_wconf 64' lang='grc'>1-3.</span> <span class='ocrx_word' id='word_1_797' title='bbox 958 3354 986 3359; x_wconf 76' lang='lat'>--</span> <span class='ocrx_word' id='word_1_798' title='bbox 1022 3341 1053 3356; x_wconf 85' lang='lat'>2⁰</span> <span class='ocrx_word' id='word_1_799' title='bbox 1082 3338 1161 3368; x_wconf 85' lang='lat' dir='ltr'>Psal.</span> <span class='ocrx_word' id='word_1_800' title='bbox 1186 3350 1296 3376; x_wconf 73' lang='lat' dir='ltr'>xxxv,</span> <span class='ocrx_word' id='word_1_801' title='bbox 1328 3343 1387 3378; x_wconf 81' lang='lat'>12,</span> <span class='ocrx_word' id='word_1_802' title='bbox 1422 3344 1471 3372; x_wconf 82' lang='grc'>13.</span> <span class='ocrx_word' id='word_1_803' title='bbox 1499 3359 1541 3363; x_wconf 75' lang='lat'>—</span> <span class='ocrx_word' id='word_1_804' title='bbox 1570 3346 1596 3360; x_wconf 84' lang='lat'>²¹</span> <span class='ocrx_word' id='word_1_805' title='bbox 1631 3332 1694 3371; x_wconf 77' lang='lat' dir='ltr'>&#39;Job</span> <span class='ocrx_word' id='word_1_806' title='bbox 1716 3351 1795 3378; x_wconf 70' lang='lat' dir='ltr'>xm,</span> <span class='ocrx_word' id='word_1_807' title='bbox 1823 3343 1876 3369; x_wconf 74' lang='lat'>25.</span> <span class='ocrx_word' id='word_1_808' title='bbox 1905 3356 1947 3360; x_wconf 90' lang='lat'>-—</span> <span class='ocrx_word' id='word_1_809' title='bbox 1978 3341 2009 3358; x_wconf 76' lang='lat'>²2</span> <span class='ocrx_word' id='word_1_810' title='bbox 2040 3339 2134 3369; x_wconf 89' lang='lat' dir='ltr'>Joan.</span> <span class='ocrx_word' id='word_1_811' title='bbox 2159 3347 2244 3368; x_wconf 78' lang='lat' dir='ltr'><strong>vul.</strong></span> <span class='ocrx_word' id='word_1_812' title='bbox 2270 3335 2323 3365; x_wconf 73' lang='lat'>44.</span> <span class='ocrx_word' id='word_1_813' title='bbox 2350 3351 2393 3355; x_wconf 95' lang='lat'>—</span> 
     </span>
    </p>
   </div>
   <div class='ocr_carea' id='block_1_22' title="bbox 312 3390 603 3429">
    <p class='ocr_par' dir='ltr' id='par_1_23' title="bbox 312 3390 603 3429">
     <span class='ocr_line' id='line_1_95' title="bbox 312 3390 603 3429; baseline -0.007 -6"><span class='ocrx_word' id='word_1_814' title='bbox 312 3390 342 3412; x_wconf 73' lang='lat'>&#39;¹3</span> <span class='ocrx_word' id='word_1_815' title='bbox 366 3396 439 3423; x_wconf 80' lang='lat' dir='ltr'>Luc.</span> <span class='ocrx_word' id='word_1_816' title='bbox 473 3403 518 3429; x_wconf 85' lang='lat' dir='ltr'>x,</span> <span class='ocrx_word' id='word_1_817' title='bbox 552 3394 603 3422; x_wconf 84' lang='grc'>18.</span> 
     </span>
    </p>
   </div>
  </div>
 </body>
</html>
