2549 3920
347 205 420 242 287

1115 192 1138 227 S
1181 186 1381 225 BERN-AR
1387 184 1437 220 DI
1465 180 1666 218 ABBATIS

2356 164 2431 202 ‘288

343 292 469 321 autem
483 310 492 328 ‚
516 279 583 318 sed
599 286 637 316 et
656 274 823 314 succedit
840 269 1063 323 jucunditas
1086 268 1132 304 de
1153 266 1324 303 novitate
1340 292 1350 309 ‚
1364 260 1411 280 '⁰⁹
1424 257 1577 302 bibat&
1603 264 1659 301 et,
1689 255 1817 289 Venite
1833 250 1984 293 adme,
2010 258 2136 282 omnes
2167 248 2233 293 qni
2258 242 2434 280 laboratis

348 358 391 381 ac
413 342 459 379 de
481 340 692 378 aeternitate
715 335 909 373 securitas.
931 335 1037 369 Bona
1063 326 1227 378 proinde
1253 338 1356 361 mors
1377 327 1407 361 A
1426 330 1463 358 et
1487 322 1635 355 onerati
1661 316 1766 359 estis,
1790 321 1827 348 et
1846 324 1911 359 ego
1933 309 2100 356 reficiam
2128 319 2196 342 vos
2209 304 2236 342 ⁵.
2265 308 2321 342 Tu
2344 316 2434 354 ergo

343 403 435 454 justi
457 409 617 453 propter
639 396 832 447 requiem,
864 391 999 429 melior
1024 396 1184 440 propter
1207 385 1359 422 novita-

346 474 435 509 tem,
448 462 594 512 optima
606 466 767 510 propter
782 453 1036 492 securitatem.
1047 453 1077 486 E
1089 455 1240 493 contra,
1258 458 1362 481 mors

348 532 593 574 peccatorum
626 518 831 569 pessima1.
862 517 909 550 Et
940 511 1029 548 audi
1055 508 1157 546 unde
1186 505 1361 557 pessima.

347 584 447 621 Mala
461 580 650 631 siquidem
671 586 727 614 est
746 576 784 612 in
802 573 936 611 mundi
952 569 1154 608 amissione
1167 596 1176 613 ‚
1198 564 1309 617 pejor
1324 564 1363 600 in

349 644 473 681 carnis
494 639 756 691 separatione,
786 633 952 685 pessima
973 632 1011 668 in
1033 628 1174 666 vermis
1190 626 1364 676 ignisque

351 703 499 754 duplici
518 699 764 739 contritione.
786 696 853 732 Eia
869 706 960 743 ergo
981 691 1137 735 festina,
1158 687 1240 733 exi,
1260 698 1366 722 rece-

351 765 397 801 de
422 779 429 800 :
453 762 640 799 moriatur
663 757 788 795 anima
811 763 875 791 tua
897 760 1020 789 morte
1042 750 1235 799 justorum
1253 774 1262 791 ,
1289 758 1366 795 quo

353 826 445 861 fiant
467 832 504 859 et
536 819 742 858 novissima
771 825 834 853 tua
864 815 1003 851 horum
1027 809 1173 847 similia.
1198 811 1229 845 Ο
1251 819 1363 856 quam

351 885 520 936 pretiosa
545 883 582 918 in
607 886 817 928 conspectu
843 873 1000 912 Domini
1020 883 1124 908 mors
1145 876 1366 906 sanctorum

351 943 433 992 ejus
447 944 479 977 ²!
499 944 601 988 Fuge
617 967 626 983 ,
648 949 798 986 quaeso;
822 934 859 969 in
879 933 942 968 via
962 937 1206 980 peccatorum
1231 939 1277 962 116
1296 934 1368 961 516-

352 1003 452 1039 teris.
472 997 677 1048 Quomodo
692 996 822 1032 vivere
842 1000 952 1043 potes
966 1019 975 1035 ‚
997 989 1064 1026 ubi
1082 988 1180 1024 mori
1199 999 1277 1023 non
1296 998 1368 1021 au-

351 1063 447 1099 des?
481 1063 574 1098 Cum
596 1055 760 1108 panibus
785 1064 989 1091 occurrere
1020 1047 1179 1099 fugienti
1213 1053 1365 1096 paratos
1388 1048 1414 1081 B

353 1135 424 1159 nos
441 1133 521 1158 esse
539 1117 727 1156 confidito
742 1120 770 1152 ²¹.

531 1241 1197 1260 ==x=v===============xsw====w=============xxxn
1203 1239 1373 1249 ==x====s=s=⁸

572 1359 943 1420 EPISTOLA
999 1359 1148 1416 CVI.

489 1522 533 1543 ΑῘ)
556 1517 774 1542 MAGISTREM
802 1515 1000 1538 HENRICUM
1021 1513 1200 1536 ML'RDACH
1218 1499 1246 1535 *.

358 1638 407 1671 Ad
427 1635 650 1679 capessendum
666 1632 819 1674 religiosae
836 1631 906 1661 vitae
926 1635 1041 1660 statum
1057 1627 1192 1666 excitat,
1217 1628 1282 1669 ejus
1302 1626 1379 1658 deli-

657 1689 720 1720 cias
738 1687 878 1718 breviter
901 1685 1078 1716 insinuans.

357 1815 506 1853 Dilecto
551 1825 621 1849 suo
660 1814 839 1848 stmco
884 1810 1079 1844 Mnemon
1104 1834 1113 1850 ‚
1156 1807 1428 1873 Emanium-SC

414 1873 530 1911 abbas
547 1872 670 1909 dictus
691 1870 737 1907 de
752 1867 991 1907 Clara—Valle
1006 1895 1015 1913 ,
1043 1866 1199 1903 salutem
1213 1894 1222 1911 ,
1244 1872 1282 1901 et
1302 1877 1380 1900 non

417 1948 453 1971 111
480 1947 551 1970 via.

420 2068 451 2103 1.
476 2065 577 2114 Quid
600 2063 737 2100 mirum
761 2062 791 2099 si
811 2062 912 2098 inter
939 2071 1126 2111 prospera
1157 2059 1318 2095 fluctuas
1347 2066 1385 2094 et

365 2126 525 2163 adversa
542 2154 551 2170 ‚
585 2124 651 2173 qui
681 2122 846 2159 necdum
883 2121 1046 2158 statuisti
1082 2134 1199 2170 supra
1235 2128 1381 2169 petram

365 2187 481 2237 pedes
499 2195 584 2222 tuos
597 2186 612 2221 Ρ
625 2188 674 2221 At
691 2184 720 2220 si
735 2182 842 2232 jures
860 2191 897 2218 et
910 2191 1052 2218 statuas
1072 2180 1264 2217 custodire
1280 2179 1384 2228 judi-

367 2248 422 2283 cia
439 2245 594 2295 justitiae
624 2244 802 2289 Domini,
825 2242 918 2292 quid
942 2243 1079 2278 horum
1103 2250 1138 2277 te
1159 2240 1301 2292 poterit
1322 2254 1384 2276 se-

367 2320 503 2358 parare
524 2320 545 2342 a
572 2305 753 2342 charitate
785 2303 946 2340 Christi?
973 2306 1004 2341 Ο
1034 2302 1065 2339 51
1084 2302 1200 2339 scires
1230 2309 1266 2337 et
1292 2300 1385 2351 quid

370 2368 514 2404 dicam!
537 2368 695 2409 Oculus,
714 2368 835 2410 Deus,
853 2377 927 2399 11012
946 2365 1047 2399 vidit
1064 2362 1205 2411 absque
1221 2371 1279 2407 te,
1300 2376 1388 2411 quoe

363 2430 599 2478 praeparasti
619 2423 860 2474 (llligentibus
881 2421 952 2460 112³.
975 2422 1048 2459 Sed
1072 2431 1128 2468 tu,
1149 2423 1275 2468 frater,
1300 2422 1382 2471 qui,

370 2497 413 2525 ut
429 2487 577 2532 audivi,
596 2486 807 2536 Prophetas
830 2484 942 2534 legi5‚
972 2492 1083 2534 putas
1103 2483 1280 2532 intelligis
1300 2495 1386 2532 quae

371 2548 489 2598 legis?
518 2551 613 2585 Nam
637 2547 667 2583 si
691 2545 889 2595 intelligis,
920 2544 1037 2581 sentis
1069 2544 1202 2593 utiqu'e
1233 2555 1385 2579 sensum

1429 382 1537 418 times
1564 378 1744 420 deficere,
1769 372 1835 410 11111
1861 384 1900 408 56
1929 369 2076 408 Veritas
2103 367 2258 403 16116616
2288 374 2323 402 16
2342 378 2436 415 pro-

1428 439 1569 477 mittit?
1598 440 1708 475 Certe
1741 434 1771 470 si
1799 440 1946 469 tantum
1978 438 2013 466 te
2044 428 2207 464 delectat
2236 424 2438 463 tenebrosa

1430 512 1526 549 aqua
1542 497 1587 534 de
1603 494 1769 533 nubibus
1782 492 1895 534 aeris,
1912 486 2273 540 quantojiicundiiis
2287 485 2438 522 haurias

1432 562 1477 599 de
1499 557 1747 597 serenissimis
1766 552 1936 591 fontibus
1954 549 2184 589 Salvatoris?

1486 621 1520 657 ⁵2.
1546 623 1577 657 O
1601 618 1629 655 si
1660 616 1776 654 semel
1805 612 2003 664 paululum
2033 608 2125 659 quid
2152 607 2199 644 de
2226 607 2337 657 adipe
2358 606 2439 643 sru-

1432 681 1576 726 menti,
1607 678 1708 716 unde
1737 675 1894 713 satiatur
1920 670 2160 715 Jerusalem,
2193 667 2438 717 degustares!

1433 755 1547 793 quam
1577 739 1741 776 libenter
1761 748 1848 773 suas
1868 741 2012 771 crustas
2036 728 2227 767 rodendas
2254 728 2442 764 litterato-

1434 802 1540 841 ribus
1561 800 1701 838 Judaeis
1730 795 1988 846 relinqueres!
2019 795 2050 829 Ο
2075 791 2104 827 51
2136 799 2172 826 16
2203 801 2374 838 unquam
2402 787 2441 824 in

1434 863 1562 900 schola
1579 859 1732 912 pietatis
1746 857 1816 895 sub
1832 855 2012 904 magistro
2030 855 2050 889 J
2053 864 2120 888 esu
2140 862 2288 887 merear
2304 847 2443 884 habere

1437 922 1627 959 sodalem!
1649 923 1679 958 O
1701 920 1730 955 si
1752 917 1843 955 mihi
1862 916 1974 952 liceat
1993 912 2238 963 purificatum
2259 908 2369 960 prius
2390 908 2443 944 tui

1434 981 1602 1033 pectoris
1623 979 1820 1016 vasculum
1838 986 2059 1025 supponere
2080 970 2253 1009 unctioni
2274 982 2359 1019 quae
2379 968 2446 1005 do-

1436 1051 1495 1080 cet
1526 1041 1572 1078 de
1608 1038 1810 1077 omnibus!
1841 1040 1872 1074 O
1904 1047 2019 1085 quam
2048 1032 2169 1069 libens
2202 1029 2270 1067 tibi
2301 1028 2446 1080 pariter

1439 1101 1581 1139 calidos
1602 1112 1721 1151 panes
1734 1129 1744 1146 ‚
1775 1110 1871 1148 quos
1891 1095 2026 1144 utique
2047 1092 2172 1130 adhuc
2192 1091 2418 1140 fumigantes
2435 1118 2445 1135 ,

1439 1171 1477 1199 et
1497 1161 1605 1212 quasi
1631 1159 1747 1197 modo
1769 1159 1815 1195 de
1846 1158 1981 1202 furno,
2002 1163 2045 1192 ut
2065 1153 2195 1198 aiunt,
2217 1163 2350 1188 recens
2370 1158 2448 1186 tra-

1440 1232 1542 1269 ctos,
1567 1222 1613 1258 de
1643 1220 1786 1257 coelesti
1814 1218 1987 1267 largitate
2018 1214 2154 1252 crebro
2175 1212 2345 1250 Christus
2373 1210 2450 1247 suis

1440 1281 1676 1334 pauperibus
1698 1279 1859 1329 frangit!
1880 1277 2038 1316 Utinam
2060 1274 2089 1312 si
2111 1286 2225 1324 quam
2246 1271 2338 1309 mihi
2363 1278 2450 1320 gut—

1442 1352 1518 1380 tam
1546 1341 1779 1393 quandoque
1813 1338 1859 1375 de
1891 1336 2023 1389 pluvia
2053 1332 2272 1372 voluntaria
2290 1360 2300 1377 ‚
2334 1343 2449 1380 quam

1443 1402 1655 1453 segregavit
1682 1398 1894 1437 haereditati
1920 1410 2020 1443 suae,
2041 1395 2183 1432 stillare
2206 1393 2384 1442 dignetur
2413 1391 2450 1427 in

1444 1461 1646 1499 dulcedine
1664 1473 1732 1497 sua
1751 1457 1913 1509 pauperi
1933 1459 2056 1501 Deus,
2077 1466 2167 1490 mox
2185 1464 2268 1488 eam
2285 1449 2353 1487 tibi
2368 1461 2453 1499 pos-

1445 1536 1522 1560 sem
1547 1521 1772 1566 refundere,
1795 1527 1833 1555 et
1852 1529 1983 1554 rursus
2004 1529 2025 1552 a
2044 1523 2080 1551 te
2099 1512 2263 1550 vicissim
2285 1510 2453 1560 recipere
2501 1542 2506 1549 ,

1447 1583 1553 1633 quod
1573 1581 1750 1619 senseris!
1770 1583 1940 1629 Experto
1962 1574 2075 1613 crede
2096 1589 2105 1611 ι
2127 1571 2271 1622 aliquid
2293 1569 2454 1619 amplius

1448 1642 1621 1680 invenies
1635 1642 1673 1677 in
1693 1639 1815 1685 silvis,
1833 1650 1946 1688 quam
1966 1635 2004 1672 in
2024 1633 2144 1671 libris.
2165 1633 2287 1681 Ligna
2305 1638 2342 1667 et
2361 1628 2455 1678 lapi·

1449 1704 1515 1741 des
1537 1701 1733 1739 docebunt
1754 1708 1811 1745 16,
1843 1697 1949 1748 quod
1970 1710 1991 1732 a
2010 1693 2200 1744 magistris
2226 1690 2358 1729 audire
2378 1701 2455 1726 non

1449 1763 1584 1814 possis.
1614 1766 1673 1800 An
1695 1773 1773 1797 non
1801 1766 1914 1809 putas
1942 1769 2054 1806 posse
2081 1762 2117 1790 te
2140 1764 2275 1802 sugere
2305 1750 2379 1786 mel
2411 1748 2456 1785 de
2500 1751 2522 1766 ⁴³

1450 1833 1583 1875 petra,
1607 1823 1812 1870 oleumque
1839 1819 1885 1855 de
1916 1830 2008 1855 saxo
2029 1814 2259 1852 durissimo?
2287 1816 2347 1850 An
2378 1823 2456 1846 non

1449 1892 1598 1921 montes
1619 1882 1762 1919 stillant
1779 1877 2020 1916 dulcedinem
2034 1905 2044 1923 ‚
2065 1883 2103 1912 et
2123 1874 2239 1911 colles
2259 1873 2384 1909 fluunt
2403 1871 2459 1908 lac

1449 1954 1487 1983 et
1517 1945 1613 1990 mel,
1645 1951 1682 1979 et
1709 1941 1826 1978 valles
1849 1938 2048 1977 abundant
2077 1935 2299 1973 frumento?
2331 1932 2459 1971 Multis
2513 1951 2526 1966 ·,

1451 2003 1744 2043 oc‹-ur1·entibus
1762 2001 1853 2038 mihi
1871 1998 2043 2036 dicendis
2063 1995 2131 2034 tibi
2143 2025 2153 2043 ‚
2173 1995 2238 2032 vix
2258 2007 2318 2031 me
2335 2002 2458 2030 teneo,

1452 2067 1524 2105 Sed
1546 2066 1636 2115 quia
1655 2077 1733 2101 non
1754 2061 1982 2106 lectionem,
2004 2057 2070 2095 5611
2094 2057 2309 2094 orationem
2335 2053 2459 2104 petis;
2498 2067 2500 2107 ζ
2521 2067 2525 2078 1

1452 2126 1647 2177 adaperiat
1669 2123 1857 2162 Dominus
1879 2134 1946 2158 cor
1977 2129 2084 2157 tuum
2104 2118 2144 2155 in
2171 2117 2254 2167 lege
2278 2128 2344 2153 sua
2364 2113 2458 2151 etin

1452 2185 1655 2237 praeceptis
1673 2184 1762 2221 suis.
1780 2182 1884 2220 Vale.

1506 2248 1542 2284 3.
1564 2246 1735 2296 Idipsum
1755 2243 1828 2294 ipsi
1842 2241 2059 2279 &Villelmus
2075 2247 2113 2276 et
2127 2241 2209 2276 Ivo.
2229 2235 2330 2285 Quid
2347 2247 2462 2285 super

1454 2309 1527 2345 1106
1558 2306 1668 2344 vobis
1699 2305 1897 2341 dicemus?
1929 2300 2042 2350 Quod
2066 2312 2136 2336 vos
2161 2297 2315 2343 videre,
2349 2304 2388 2333 et
2415 2294 2461 2332 ad

1455 2368 1548 2418 quid
1569 2366 1850 2409 desideremus,
1878 2363 1980 2399 scitis
2007 2376 2014 2398 :

1454 2547 1598 2586 tribuat
1613 2547 1673 2583 vel
1695 2545 1801 2595 sequi
1821 2559 1828 2581 ε
1851 2551 2039 2593 quatenus
2059 2550 2096 2578 et
2115 2541 2155 2577 in
2171 2539 2245 2576 hoc
2264 2546 2377 2575 tantae
2395 2547 2463 2574 vos

372 2608 608 2659 pr01)l10tlcae
625 2607 799 2643 leCUOfflS
821 2617 902 2641 8553
921 2604 1124 2640 Christum.
1144 2606 1266 2650 Quem
1283 2601 1388 2638 Vide·
1407 2621 1438 2654 D
1455 2607 1679 2645 humilitatis
1701 2606 1922 2655 magistrum
1943 2612 2159 2647 teneamus,
2181 2612 2268 2636 cum
2290 2595 2464 2634 videlicet

376 2669 464 2704 lieet
478 2668 507 2703 si
523 2665 811 2717 apprehendere
829 2664 936 2713 cupis
950 2692 959 2709 ‚
976 2663 1087 2699 citius
1103 2663 1210 2699 illum
1228 2675 1389 2712 sequen-

380 2729 429 2764 do
443 2757 451 2773 ,
473 2741 587 2777 quam
605 2725 768 2776 legendo
789 2723 971 2773 consequi
989 2731 1109 2773 potes.
1131 2722 1230 2771 Quid
1252 2722 1390 2772 quaeris

378 2787 537 2824 verbum
555 2787 592 2822 in
606 2785 753 2831 Verbo,
771 2783 875 2834 quod
889 2782 969 2832 jam
983 2795 1072 2819 caro
1091 2782 1230 2819 factum
1249 2790 1389 2831 praesto

377 2856 434 2884 est
460 2847 606 2883 oculis?
627 2850 710 2883 Jam
731 2845 832 2881 enim
855 2843 901 2879 de
928 2842 1089 2880 latibulo
1110 2842 1389 2892 Prophetarum

380 2920 552 2957 egressus
565 2914 619 2943 est
631 2905 677 2942 ad
694 2905 824 2941 oculos
839 2905 1074 2942 Piscatorum
1091 2901 1185 2951 :Jam
1199 2902 1245 2938 de
1260 2911 1390 2940 11101116

378 2967 563 3005 umbroso
598 2974 635 3004 et
666 2964 860 3002 condenso
880 2994 889 3010 ,
930 2972 1109 3013 tanquam
1148 2976 1312 3013 sponsus
1345 2962 1392 3000 de

384 3027 548 3063 thalamo
575 3038 664 3071 suo,
697 3024 886 3074 prosilivit
915 3023 954 3060 in
984 3036 1160 3072 campum
1183 3024 1390 3072 Evangelii.

386 3093 468 3126 ι111111
487 3087 551 3137 qui
570 3085 684 3123 habet
699 3098 809 3122 aures
827 3084 1029 3130 audiendi,
1048 3083 1177 3120 audiat
1192 3084 1296 3120 illum
1315 3084 1394 3121 cla-

385 3157 552 3185 mantem
572 3148 608 3183 in
629 3146 792 3196 templo,
821 3147 897 3191 Qui
916 3150 1015 3191 sitit,
1037 3149 1172 3180 veniat
1190 3147 1243 3180 ml
1263 3159 1339 3189 me,
1363 3155 1397 3182 ct

1456 2682 1534 2706 non
1562 2667 1812 2718 despexeritis
1842 2664 2018 2715 magister
2038 2661 2145 2712 sequi
2165 2657 2384 2709 discipulos.

437 3281 444 3296 ¹
464 3273 545 3306 Psal.
565 3283 689 3309 xxxin,
715 3275 768 3303 22.
788 3290 832 3294 --
855 3277 866 3292 ²
886 3271 966 3302 Psal.
986 3282 1059 3306 cxv,
1083 3275 1135 3303 11».
1156 3291 1201 3294 —
1219 3268 1232 3292 3
1253 3272 1323 3303 lsai.
1346 3284 1437 3311 Lxxv,
1458 3275 1549 3304 -’1.--
1570 3271 1583 3298 4
1601 3274 1694 3303 Joan.
1713 3283 1773 3307 vu,
1795 3274 1848 3302 37.
1865 3289 1911 3294 --
1932 3269 1946 3293 ⁵
1962 3269 2079 3303 Mauh.
2094 3281 2148 3307 11,
2165 3273 2220 3302 28.

435 3336 448 3351 ²¹
468 3332 585 3365 Modus
609 3330 757 3375 loquendi
774 3330 933 3362 Beruardo
954 3330 1130 3368 familiaris,
1156 3337 1189 3362 ut
1213 3332 1243 3362 in
1264 3331 1393 3373 epistola
1418 3336 1502 3370 107,
1522 3343 1555 3364 11.
1583 3335 1620 3363 13
1634 3356 1642 3369 ,
1664 3337 1693 3362 et
1717 3331 1747 3362 in
1772 3331 1903 3373 ep³stola
1925 3333 2008 3369 124,
2032 3342 2066 3362 11.
2087 3334 2105 3362 2
2127 3336 2186 3361 etc.

2045 2367 2232 2410 quantum
2252 2370 2367 2401 vero,
2393 2367 2463 2392 neo
2496 2375 2498 2379 >

1455 2442 1527 2465 nos
1543 2427 1689 2472 dicere,
1713 2439 1782 2462 nec
1802 2436 1872 2460 vos
1891 2423 1986 2460 scire
2007 2420 2175 2472 potestis.
2195 2422 2357 2457 Oramus
2373 2427 2463 2466 ergo
2494 2439 2497 2448 2

1452 2492 1596 2533 Deum,
1630 2494 1670 2523 ut
1697 2484 1808 2521 vobis
1828 2496 1906 2533 quo
1935 2495 2006 2519 nos
2033 2480 2187 2532 praeisse
2219 2476 2459 2521 debueratis,
2494 2500 2498 2506 -

2507 2548 2521 2566 ἶ
2505 2429 2526 2510 ὲ-νὸὃ
2495 2308 2526 2409 ’ῖς-ΔΙ»
2512 2254 2525 2269 ι
