2533 3920
345 167 427 204 -571

364 309 489 355 Super
518 302 791 341 candelabrum
821 310 895 338 stat
925 315 932 337 :

364 366 485 415 possit
509 364 748 401 dissimulare
771 361 874 412 quod
896 370 963 398 est.
986 365 1032 398 Et
1059 362 1186 398 lumen
1213 361 1314 411 ejus,
1338 371 1378 399 ut

364 425 490 462 fumus
516 424 617 474 ejus,
650 422 696 460 ab
718 421 898 459 omnibus
924 421 1100 457 videatur
1128 435 1280 459 necesse
1306 431 1374 459 est.

364 485 559 535 Numquid
592 485 652 521 isti
682 485 837 533 lynceos
865 483 903 518 in
931 495 1017 518 eum
1049 483 1182 519 oculos
1200 483 1379 520 intende—

364 554 474 591 runt,
506 546 680 582 videntes
714 558 799 594 quae
832 557 946 580 nemo
970 543 1094 579 adhuc
1122 543 1253 580 videre
1283 544 1379 580 alius

366 607 516 656 potuit?
549 610 751 655 Suspecta,
784 605 918 647 fateor,
951 603 1042 639 mihi
1074 604 1210 640 horum
1240 604 1380 641 delatio

366 676 432 703 est.
454 667 572 716 Magis
590 675 714 703 autem
733 664 997 701 incredibilem
1024 664 1148 701 reddit
1178 679 1274 701 unus
1292 666 1380 701 illo-

366 742 475 774 rum,
495 728 651 764 nomine
670 725 943 775 Raymundus,
962 726 1044 775 qui,
1059 734 1101 761 ut
1123 727 1246 771 aiunt,
1269 735 1383 776 caput

369 798 425 825 est
443 788 557 838 liujus
578 796 771 824 attentatae
788 786 961 832 malitiae3
983 786 1114 831 homo,
1136 795 1177 822 ut
1194 789 1380 837 comperi,

365 850 488 900 palam
512 850 667 898 loquax,
689 849 783 884 clam
809 860 966 883 susurro
983 862 992 892 3
1011 847 1122 882 anxie
1143 846 1382 894 ambitiosus,

363 909 575 946 adulatorie
596 907 778 953 blandus3
803 915 905 943 totus
928 907 1165 956 compositus
1183 907 1229 943 ad
1252 908 1383 944 sallen-

365 969 470 1013 dum,
493 968 539 1004 ad
561 966 865 1017 pertin-bandum
897 979 974 1001 non
997 966 1135 1002 minus.
1154 967 1291 1003 Notavi
1310 967 1381 1004 sub

364 1030 465 1079 pelle
486 1029 600 1064 ovina
624 1029 779 1077 lupum,
803 1040 845 1064 ac
866 1026 978 1062 certis
998 1026 1192 1075 designavi
1214 1027 1383 1073 indiciis,
1405 1025 1432 1059 Β

363 1103 441 1140 quo
455 1089 533 1139 jam
564 1097 629 1125 aut
659 1088 837 1125 mordere
866 1101 944 1124 non
973 1087 1131 1133 audeat,
1154 1096 1219 1124 aut
1245 1102 1386 1126 nocere

363 1164 442 1187 non
473 1150 605 1186 valeat.

366 1291 1383 1303 =====================================================================

414 1403 790 1462 EPISTOLA
866 1402 1330 1462 CCLXXXVU

604 1572 652 1593 AD
683 1571 870 1603 EUMDEM,
903 1571 974 1594 PRO
1010 1572 1152 1594 EODEM.

420 1697 457 1733 Si
479 1696 760 1733 susurrationes
778 1705 815 1733 et
829 1695 1099 1747 subreptiones
1113 1698 1387 1748 praevaluerint

366 1756 549 1794 adversus
575 1757 752 1794 abbatem
771 1759 1109 1808 Sancti-Dionysii,
1135 1759 1302 1796 mundus
1316 1773 1386 1809 ego

1131 165 1166 199 S.
1197 164 1452 200 BERNARDI
1481 163 1682 199 ABBATIS

362 244 538 294 Dionysii
573 242 690 281 abbas
731 254 973 291 nequaquam
1005 239 1076 277 sub
1110 241 1240 278 modio
1272 240 1415 278 latet.‘·'⁷

2381 167 2456 204 572

1421 241 1569 278 ⁵zelum
1595 239 1744 276 abbatis
1767 238 1805 274 in
1833 237 2061 275 liberatione
2081 238 2255 286 illorum,
2272 241 2337 290 qui
2353 238 2458 292 prius

968 309 1028 347 ut,
1056 302 1125 338 etsi
1158 302 1270 347 velit,
1300 315 1378 338 non
1397 300 1697 342 Ahomicidium
1726 306 2068 348 perpetraverant,
2089 307 2127 335 et
2146 299 2185 335 in
2212 299 2358 338 ultione
2390 315 2458 340 eo-

1444 375 1543 407 rum,
1562 361 1627 410 qui
1646 359 1868 409 sanguinem
1889 359 2058 408 proximi
2076 360 2144 396 ulti
2164 362 2298 396 erant?
2314 364 2458 400 Postre-

1446 436 1508 458 mo
1533 422 1562 458 si
1582 421 1679 457 bene
1696 419 1857 456 nossetis
1878 419 1984 465 istos,
2008 428 2138 469 posset
2159 420 2334 470 profecto
2352 423 2458 460 suffi—

1447 496 1532 520 cere
1563 482 1608 518 ad
1646 479 1932 518 decredendum
1962 480 2152 530 quidquid
2183 493 2262 516 non
2294 481 2460 532 accipitis

1446 543 1517 579 nisi
1536 556 1605 593 per
1632 556 1709 578 eos.
1737 541 1845 578 Adsit
1866 544 1969 577 Deus
2001 549 2140 577 sanctae
2162 541 2281 577 menti
2301 549 2458 590 vestrae,

1448 618 1496 641 ne
1523 604 1614 654 quid
1630 605 1685 640 illi
1708 604 1836 652 lingua
1853 602 1986 639 dolosa
2003 602 2187 639 adversus
2202 602 2459 642 innocentiam
2512 597 2515 639 s

1450 664 1648 714 subripere
1671 665 1802 715 POSSlt.

1450 809 1474 818 ιι
1481 807 2465 820 ικ-ηνυνι,ΛιικιιιιιικικκυιιιινικιινικκιυιἋικ-ι-ινυιηννυψιικκινυυννις.

1501 926 1883 984 EPiSTOLA
1927 914 2410 983 CCLXXXVHJ'

1535 1086 1687 1110 DOMINO
1718 1086 1886 1110 OSTIENSI
1916 1080 1943 1119 ς,
1979 1086 2049 1111 PRO
2078 1086 2210 1110 EODEM
2238 1088 2385 1111 ABBATE.

1506 1211 1695 1248 Dominus
1712 1210 1829 1248 abbas
1853 1210 2179 1261 Sancti—Dionysii
2197 1219 2398 1248 accusatur
2419 1206 2477 1249 ab>

1913 1271 1978 1309 sed
2007 1286 2027 1309 a
2049 1271 2161 1309 bonis
2187 1271 2386 1317 omnibus,
2403 1272 2466 1323 qui
2502 1308 2505 1314 Δ

1450 1333 1489 1369 in
1511 1333 1667 1369 ecclesia
1695 1341 1733 1369 ct
1758 1333 1795 1369 in
1825 1333 1987 1370 circuitu
2013 1332 2096 1383 ejus
2120 1341 2226 1379 sunt,
2252 1341 2464 1372 excusatur.
2502 1351 2503 1374 ς

1449 1398 1524 1432 Pro
1551 1409 1629 1444 quo
1651 1403 1756 1431 tanto
1778 1395 2025 1432 affectuosius
2048 1407 2227 1444 rogamus
2240 1394 2465 1432 Cliaritatem
2500 1401 2503 1429 2

1450 1465 1636 1503 vestram,
1658 1464 1802 1506 quanto
1820 1456 2019 1492 meliorem
2047 1455 2094 1492 de
2115 1469 2161 1492 eo
2184 1464 2222 1492 et
2244 1454 2466 1503 habuimus,
2506 1477 2508 1479 ·

1450 1272 1594 1322 iniquis
1625 1271 1846 1309 hominibus
1874 1287 1882 1309 τ

1451 1526 1489 1554 et
1519 1517 1705 1554 habemus
1739 1517 2046 1554 aestimationem.
2071 1519 2152 1554 Stet
2175 1530 2248 1567 pro
2273 1530 2320 1554 eo
2346 1525 2468 1555 vestra
2500 1512 2501 1546 Ῐ

1454 1576 1694 1626 benignitas,
1726 1585 1764 1613 et
1796 1577 1825 1613 si
1853 1590 1932 1613 non
1962 1576 2052 1626 quia
2069 1576 2214 1613 amicus
2235 1585 2366 1613 noster
2393 1585 2468 1624 est,
2497 1612 2500 1618 Α

1455 1646 1556 1674 certe
1583 1637 1672 1687 quia
1694 1650 1764 1674 nec
1784 1651 1875 1674 vera
1895 1646 2003 1683 sunt,
2030 1649 2100 1673 nec
2117 1636 2357 1684 verisimilia,
2387 1650 2468 1687 quae
2496 1675 2499 1683 Δ

1454 1700 1710 1749 imponuntur
1738 1699 1784 1736 ei.
1813 1699 1850 1736 Si
1876 1707 2055 1751 gravatus
2079 1707 2137 1736 est
2170 1698 2333 1746 debitis,
2361 1711 2469 1736 causa
2496 1695 2499 1738 J,

1455 1761 1613 1798 evidens
1645 1761 1716 1797 fuit
1749 1761 1934 1812 temporis
1958 1761 2078 1811 ipsius
2111 1776 2118 1798 :
2151 1774 2372 1810 quanquam
2395 1760 2468 1798 fere

367 1832 452 1855 sum
482 1832 501 1855 a
528 1819 713 1868 sanguine
735 1818 837 1868 ejus,
867 1820 932 1869 qui
964 1820 1097 1870 scripsi
1128 1833 1174 1856 en
1203 1821 1274 1857 alia
1303 1821 1386 1857 vice
1407 1826 1433 1861 C
1454 1822 1558 1859 nulla
1578 1822 1654 1859 sint
1676 1821 1816 1859 debita.
1838 1821 1897 1859 Ad
1917 1822 1955 1859 id
1979 1821 2084 1872 quod
2108 1821 2330 1872 impositum
2354 1829 2411 1858 est
2424 1815 2471 1860 de¹
2493 1812 2501 1845 ἶ

366 1879 552 1916 adversus
586 1880 848 1929 malignantes.
880 1884 1152 1917 Verumtamen
1185 1895 1300 1931 quam
1325 1894 1387 1917 ac-

366 1940 603 1977 cusationem
631 1941 799 1977 afferunt
825 1940 1007 1978 adversus
1031 1941 1225 1978 hominem
1248 1942 1386 1978 illum?

367 2007 427 2039 An
445 2001 550 2051 quod
571 2014 648 2038 non
667 2002 871 2038 inveniunt
889 2001 993 2051 quod
1010 2004 1213 2038 accusent?
1230 2005 1276 2039 Et
1294 2016 1389 2052 quo-

369 2063 486 2099 modo
509 2063 539 2099 si
563 2071 664 2099 recte
690 2064 749 2099 isti
779 2077 865 2099 eum
899 2072 1103 2109 accusant,
1133 2072 1339 2100 excusatur
1368 2078 1389 2101 a

368 2124 503 2161 vicinis
520 2124 700 2161 omnibus
716 2125 781 2174 qui
799 2133 903 2161 recto
916 2133 1005 2161 sunt
1023 2124 1162 2160 corde?
1178 2130 1390 2162 Accusatur

370 2185 474 2235 quod
493 2184 621 2221 debita
648 2185 768 2221 multa
798 2185 952 2230 feeerit,
977 2185 1296 2235 impignoraverit
1313 2194 1390 2221 ter-

369 2260 441 2292 ras,
461 2245 731 2295 dilapidaverit
750 2244 866 2282 bona.
895 2246 1011 2294 Quasi
1031 2245 1111 2281 liaec
1130 2246 1190 2281 vel
1216 2258 1391 2282 necessa-

369 2308 434 2344 riis
453 2337 462 2353 ,
495 2307 554 2343 vel
576 2306 690 2356 justis
712 2321 758 2343 ex
783 2307 904 2344 causis
926 2320 1005 2343 non
1033 2307 1232 2356 potuerint
1264 2307 1392 2343 conti—

369 2369 477 2417 gisse.
498 2367 695 2404 Mandavit
713 2367 825 2404 nobis
844 2368 890 2404 de
903 2368 958 2404 liis
976 2368 1165 2405 universis
1178 2376 1393 2404 conventus

368 2429 471 2465 illius
494 2429 676 2475 ecclesiae,
697 2438 733 2465 et
754 2443 824 2479 per
845 2429 994 2466 fidelem
1014 2443 1216 2480 personam
1237 2438 1394 2466 testatus

369 2499 426 2527 est
447 2490 568 2537 aliter,
588 2504 702 2540 quam
727 2490 838 2528 vobis
856 2491 957 2528 dicta
977 2500 1078 2536 sunt,
1098 2505 1135 2528 se
1153 2491 1307 2528 habere.
1324 2495 1395 2528 Ve—

371 2560 586 2588 rumtamen
609 2552 848 2601 inquiratur,
880 2566 966 2588 uam
987 2552 1128 2588 certius
1152 2551 1198 2588 de
1225 2552 1281 2588 his
1305 2565 1395 2588 ocu-

370 2613 455 2652 lus.
491 2626 607 2661 quam
647 2611 912 2661 juramentum
957 2612 1070 2649 fidem
1103 2612 1213 2648 faciet

371 2672 529 2708 inventa
566 2672 707 2708 fuerint
740 2672 1068 2721 quemadmodum
1113 2672 1175 2708 isti
1205 2672 1392 2708 malitiose

373 2741 636 2782 componunt;
669 2746 827 2782 quoquo
860 2732 976 2768 modo
1009 2731 1238 2778 acciderint,
1276 2731 1394 2769 abbas

375 2806 453 2828 non
475 2801 693 2829 excusetur.
722 2793 759 2830 Si
787 2806 866 2829 non
899 2792 1065 2838 fuerint,
1089 2792 1278 2829 delatores
1305 2792 1398 2829 nihil

376 2852 423 2888 de
441 2853 602 2889 salsitate
624 2854 835 2890 lucrentur.
857 2854 1087 2890 Insimulant
1102 2867 1190 2889 eum
1213 2852 1258 2889 de
1275 2861 1399 2889 morte

374 2913 541 2949 hominis
569 2926 576 2947 :
604 2913 633 2949 si
665 2927 703 2950 se
724 2927 890 2964 purgare
917 2927 995 2950 non
1017 2922 1166 2964 potest,
1198 2915 1396 2951 moriatur.

377 2976 607 3022 Quanquam
642 2974 726 3023 quis
772 2987 849 3010 non
891 2974 1019 3010 videat
1035 3003 1044 3019 ,
1089 2988 1158 3010 nec
1191 2975 1397 3011 verisimile

377 3046 472 3078 esse,
498 3041 539 3069 ut
559 3047 674 3083 quem
701 3035 816 3085 paulo
847 3043 935 3071 ante
964 3035 1010 3071 de
1032 3043 1155 3071 morte
1176 3036 1394 3085 eripuerat,

374 3095 415 3131 in
439 3103 604 3131 mortem
632 3096 856 3133 tradiderit?
887 3099 969 3144 Qua
988 3096 1114 3133 fronte
1145 3097 1225 3133 liaec
1252 3098 1396 3134 audent

374 3169 617 3207 insusurrare
636 3155 766 3203 vobis,
788 3157 854 3207 qui
877 3157 1058 3194 viderunt
1073 3166 1110 3194 et
1128 3168 1395 3208 cognoverunt

421 3292 437 3307 a
453 3286 574 3328 Scripta
591 3297 674 3317 anno
691 3285 806 3318 Christi
825 3289 835 3318 l
849 3291 924 3318 133.
940 3307 982 3311 -ἣ
999 3281 1014 3303 ¹²
1029 3289 1150 3331 Scripta
1162 3290 1273 3321 eodem
1290 3301 1385 3322 anno.

426 3339 441 3359 ‘1
460 3340 580 3382 Scripta
598 3350 682 3370 anuo
697 3339 809 3373 Christi
836 3344 845 3371 1
861 3344 936 3372 153,

1246 2621 1328 2649 :et
1363 2612 1441 2655 siD

1456 1893 1645 1920 terrarum
1685 1883 1957 1928 distractione,
1995 1882 2152 1920 evidens
2195 1882 2336 1919 falsitas
2364 1893 2495 1919 com-f

1454 1943 1656 1995 probatur.
1684 1948 1778 1981 Nam
1810 1944 1857 1981 de
1882 1952 2007 1980 morte
2040 1947 2085 1982 G.
2119 1957 2168 1980 ne
2194 1942 2299 1993 ipsos
2319 1955 2469 1994 quoque

1455 2004 1697 2042 adversarios
1730 2019 1818 2042 reor
1844 2018 1931 2042 eum
1966 2005 2136 2056 potuisse
2168 2003 2310 2041 habere
2338 2016 2493 2055 suspe-·

1456 2075 1560 2103 ctum
1580 2095 1590 2112 ,
1616 2065 1762 2116 quippe
1797 2067 1864 2115 qui
1897 2065 2077 2102 eumdem
2098 2068 2144 2104 G.
2171 2074 2210 2102 et
2229 2078 2320 2102 suos
2341 2078 2470 2102 omnes
2489 2061 2493 2082 ²

1458 2127 1660 2163 conclusos
1679 2126 1726 2163 ab
1748 2126 1922 2163 hostibus
1936 2156 1945 2173 ,
1967 2126 2014 2164 ab
2034 2127 2119 2177 ipso
2137 2126 2271 2163 mortis
2291 2125 2467 2173 articulo,
2503 2128 2506 2129 ⁷

1458 2189 1579 2224 multo
1601 2188 1756 2237 quidem
1774 2187 1906 2225 labore
1924 2188 2078 2238 eripuit.
2097 2191 2171 2224 Pro
2197 2187 2253 2224 his
2275 2185 2469 2233 omnibus,
2487 2173 2491 2225 l

1459 2249 1702 2298 maximeque
1719 2262 1791 2299 pro
1812 2247 2032 2298 Raymundi
2057 2262 2136 2285 non
2154 2248 2349 2299 incognita
2365 2247 2471 2286 nobis
2486 2234 2490 2269 ⁹*

1458 2310 1646 2356 versutia,
1680 2309 1862 2347 attentius
1891 2323 2094 2359 rogamus,
2124 2318 2167 2347 ut
2186 2309 2334 2347 abbatis
2360 2310 2471 2348 inno-

1461 2371 1625 2408 centiam
1655 2379 1782 2407 vestra
1802 2369 2021 2408 sollicitudo
2045 2378 2207 2408 tueatur.

1477 2515 1545 2523 -=vv=
1552 2514 1604 2523 ====
1610 2514 1720 2523 xxnxuvx
1726 2514 1805 2523 mmw=
1812 2513 2472 2525 sxumxwx=zzsm=u=a=zxxv=mxvxm===su==nu

1496 2634 1874 2691 EPISTOLA
1927 2623 2440 2693 CCLXXXVIHJ
2480 2622 2487 2681 7'

1467 2802 1514 2824 AD
1535 2802 1712 2824 ANDREAM
1737 2802 1965 2826 AVtNCULUM
1985 2802 2110 2835 SUUM,
2136 2803 2302 2826 MlLlTI-:M
2322 2799 2479 2826 TEMPL1.'

1466 2919 1627 2951 Infelicem
1647 2921 1766 2952 exitum
1788 2932 1884 2952 sacrae
1907 2921 2116 2964 expeditionis
2135 2921 2239 2967 dolet3
2260 2920 2405 2954 avunculi
2421 2918 2477 2958 ad—¹

1844 2982 1974 3007 ventum
1997 2982 2098 3018 optat.

1521 3102 1552 3137 1.
1575 3100 1729 3138 Litterae
1752 3109 1844 3148 tuae‚
1879 3115 1973 3151 quas
1993 3102 2200 3139 novissime
2220 3097 2470 3143 transmisisti,

1461 3161 1696 3198 invenerunt
1712 3175 1772 3198 me
1788 3162 1828 3198 in
1848 3162 1992 3199 lectulo
2013 3162 2323 3200 decumbentem.
2339 3158 2470 3210 Accepi

1402 3298 1465 3314 -0
1485 3292 1607 3325 Scilicet
1622 3294 1762 3335 Ilugoni.
1779 3293 1860 3325 Vide
1877 3293 1983 3336 epistt.
2004 3296 2086 3333 273,
2102 3296 2182 3333 274,
2202 3296 2281 3331 290,
2299 3294 2378 3330 296,
2395 3292 2467 3323 306.
