2517 3920
307 237 311 240 ,
329 196 402 233 947

328 273 449 306 nae?1d
474 272 579 305 dicere
600 271 670 302 licet
690 281 728 303 ex
748 270 910 302 Willelmo
931 269 1045 301 abbate
1067 267 1334 301 Sancti-Theode-

326 329 396 365 rici,
416 327 499 358 Vitae
520 328 550 357 S.
569 323 719 356 Bernardi
743 323 823 354 libro
849 326 878 360 1,
897 334 966 365 cap.
993 325 1045 359 11,
1072 321 1126 352 ubi
1150 321 1190 351 ita
1214 319 1332 351 habet:

328 397 340 408 n
357 381 493 412 Divertit
508 377 675 420 aliquando
689 376 841 408 nobilium
856 375 967 407 cohors
982 375 1114 405 militum
1138 373 1179 405 ad
1197 373 1334 405 Claram-

330 451 342 463 ·
365 435 528 466 Vallem...
559 436 661 474 Prope
693 436 798 462 autem
834 434 900 461 erat
926 439 1048 459 sacrum
1081 425 1333 468 Quadragesimae

331 504 344 515 ¹·
363 495 503 531 tempus,
521 492 553 517 et
569 485 613 517 illi
630 494 736 516 omnes
761 483 825 514 fere
847 483 994 524 juvenes,
1015 480 1112 511 dediti
1137 479 1253 510 militiae
1279 489 1334 509 sae-

330 559 344 571 a
359 542 455 574 culari
469 566 476 580 ‚
493 538 714 575 circumibant,
729 541 904 578 quaerentes
917 533 1120 566 exsecrabiles
1139 532 1207 563 illas
1220 531 1333 562 nundi-

329 613 344 624 »
359 607 433 635 nas,
450 605 526 637 quas
538 594 632 635 vulgo
652 595 804 623 Tornetas
826 594 947 619 vocant.
965 603 978 614 a·
1001 588 1064 619 Alii
1090 601 1103 613 «
1124 589 1334 617 Torneamen-

330 666 342 678 η
358 656 426 681 tum
441 664 453 676 n
477 647 651 690 appellant,
674 643 832 675 Mattheus
850 640 1048 678 Parisiensis,
1070 638 1216 670 Historiae
1236 637 1329 678 Angl.

327 716 398 748 pag.
416 707 493 735 258.
508 704 581 734 Non
604 700 635 730 in
655 697 822 729 hastiludio
837 696 907 733 illo,
934 694 1018 737 quod
1037 693 1205 734 vulgariter
1219 706 1232 718 α
1253 694 1331 722 Tor-

329 773 341 784 »
363 760 560 788 neamentutn
582 768 594 780 ιι
609 751 721 783 dieitur
734 774 741 788 ,
758 749 813 780 sed
832 749 936 791 potius
954 748 986 778 in
1010 746 1063 777 illo
1086 745 1161 776 ludo
1181 743 1328 781 militari,

328 811 381 852 qui
397 825 409 836 α
424 812 536 840 Mensa
553 804 688 837 rotunda
707 818 719 830 n
740 802 865 832 dicitur.
881 817 895 827 u
914 804 978 831 Res
997 798 1125 840 quidem
1146 797 1283 833 ludicra,
1301 801 1333 826 et

329 880 341 892 ι·
355 863 491 907 speciem
505 871 568 903 prae
591 870 622 889 se
635 858 737 889 ferens
750 854 886 887 tirocinii
906 865 959 885 seu
974 853 1078 895 potius
1091 850 1229 882 exercitii
1250 849 1332 880 mili-

329 935 341 946 ιι
356 918 429 950 taris
443 940 449 954 ,
467 922 496 946 et
510 914 549 945 ad
563 912 729 955 agilitatem
742 920 795 940 scu
811 908 1032 940 dexteritatem
1047 905 1079 936 in
1094 904 1187 935 armis
1199 909 1332 935 tractan-

327 987 341 997 υ
356 971 403 1001 dis
422 965 642 1010 acquirendam
657 962 777 994 institui
792 961 891 992 solita.
907 960 983 991 Ideo
998 958 1178 991 Richardus
1195 968 1251 988 rex
1264 960 1332 988 An-

329 1040 340 1051 .
357 1023 423 1065 gliae
442 1022 481 1052 ad
496 1018 701 1051 imitationem
718 1016 879 1047 Gallorum
897 1024 970 1045 suos
986 1012 1085 1043 voluit
1106 1011 1330 1042 torneamentis

327 1091 340 1104 ι,
355 1074 510 1110 exerceri,
542 1077 575 1101 ut
600 1081 638 1101 ex
671 1069 824 1099 bellorum
854 1065 985 1098 solemni
1007 1065 1158 1108 praeludio
1183 1075 1330 1096 verorum

327 1145 340 1157 ι
357 1128 553 1161 addiscerent
571 1130 688 1160 artem,
712 1122 753 1152 ait
771 1120 952 1152 lVillelmus
977 1118 1225 1161 Neulnigensis,
1248 1118 1329 1150 libro

324 1189 355 1223 5,
373 1193 442 1224 cap.
468 1183 500 1212 4.
524 1178 583 1210 Sed
607 1177 787 1218 frequenter
803 1176 874 1217 joca
896 1174 1014 1206 fiebant
1039 1173 1137 1211 scria,
1162 1179 1193 1204 et
1215 1172 1281 1204 ludi
1298 1172 1330 1203 in

321 1237 420 1269 caedes
435 1233 575 1266 abibant.
592 1230 683 1262 Unde
695 1229 795 1261 tribus
809 1228 941 1259 diversis
955 1227 1095 1259 conciliis
1109 1227 1309 1269 generalibus
1319 1251 1327 1266 ,

319 1297 396 1323 teste
410 1288 520 1321 eodem
532 1284 757 1327 Neubrigensi,
771 1283 828 1315 sub
843 1283 944 1314 tribus
959 1282 1110 1314 Romanis
1124 1282 1329 1313 Pontificibus

319 1342 498 1387 hujusmodi
517 1350 675 1372 armorum
691 1338 838 1370 exercitia
857 1337 1018 1380 prohibita
1040 1342 1124 1368 sunt.
1142 1339 1181 1368 In
1197 1336 1330 1367 concilio

320 1396 523 1430 Lateranensi
547 1393 728 1426 Alexander
749 1403 827 1435 papa
847 1393 890 1423 sic
912 1392 954 1423 ait
974 1403 981 1423 ;
1004 1407 1016 1418 «
1038 1392 1150 1424 Felicis
1170 1393 1329 1424 memoriae

321 1470 337 1481 2.
354 1464 442 1496 papae
456 1448 631 1483 Innocentii
652 1455 682 1479 et
702 1447 832 1489 Eugenii
859 1446 1125 1489 praedecessorum
1148 1452 1328 1478 nostrorum

322 1525 334 1537 n
351 1508 486 1550 restigiis
502 1506 689 1537 inhaerentes
705 1528 712 1541 ,
732 1503 932 1534 detestabiles
946 1502 1102 1534 nundinas
1114 1527 1122 1541 ‚
1140 1513 1218 1544 quas
1236 1503 1328 1545 vulgo

319 1577 332 1590 x>
348 1565 578 1594 Torneanienta
594 1563 724 1594 vocant,
741 1557 773 1588 in
787 1556 901 1598 quibus
913 1556 1026 1587 milites
1040 1567 1078 1587 ex
1091 1556 1237 1587 condicto
1251 1567 1326 1588 con·

318 1632 334 1643 ‚›
348 1615 457 1646 venire
484 1613 605 1650 solent,
636 1618 666 1643 et
695 1610 823 1642 audacia
857 1610 1022 1642 temeraria
1052 1609 1303 1652 congrediuntur
1316 1635 1323 1649 ,

317 1685 330 1698 a
347 1669 429 1701 unde
446 1673 560 1698 mortes
572 1665 737 1697 hominum
751 1670 779 1696 et
793 1664 935 1707 pericula
955 1663 1134 1695 animarum
1160 1674 1242 1706 szepe
1255 1675 1327 1706 pro-

317 1738 330 1751 .
348 1722 495 1758 veniunt,
511 1720 578 1752 fieri
592 1719 809 1762 prohibemus.
829 1717 923 1759 Quod
948 1718 971 1748 si
996 1717 1065 1760 quis
1091 1717 1185 1749 etiam
1208 1717 1327 1749 ibidem

317 1792 332 1803 υ
350 1781 491 1807 mortuus
517 1773 631 1809 suerit,
657 1772 799 1814 quamvis
825 1771 853 1802 ei
880 1771 1021 1814 poscenti
1050 1771 1236 1814 poenitentia
1260 1782 1326 1803 non

316 1845 330 1858 ι,
350 1830 522 1871 denegetur
534 1839 542 1866 ;
559 1827 724 1859 christiana
739 1832 842 1857 tamen
856 1832 960 1857 careat
974 1825 1138 1869 sepultura
1149 1851 1156 1857 .
1171 1841 1186 1852 n
1199 1829 1275 1858 Haec
1287 1837 1326 1858 ex

315 1884 477 1915 VVillelmo
490 1880 712 1922 Neubrigensi.
728 1879 788 1911 Sed
803 1879 882 1911 nihil
899 1880 996 1910 minas
1014 1879 1196 1922 profecisse,
1214 1885 1245 1910 et
1263 1879 1324 1911 fer-

316 1938 594 1980 voremjuvenum,
609 1945 765 1965 armorum
777 1935 909 1976 gloriam
918 1934 1085 1965 vanissime
1095 1934 1324 1974 affectantium,

314 1991 440 2023 frenum
460 2001 523 2020 non
547 1988 726 2024 admisisse,
749 1993 882 2019 testatur
907 1987 990 2019 idem
1016 1987 1085 2019 loco
1108 1987 1216 2019 citato.
1241 1989 1324 2020 Hinc

313 2056 388 2086 ergo
403 2049 485 2086 patet
499 2067 506 2081 ‚
526 2042 632 2084 quales
646 2041 801 2072 nundinas
815 2041 1010 2072 instituerint
1035 2042 1194 2073 Henricus
1205 2053 1320 2082 comes,

315 2097 398 2128 filius
415 2094 587 2128 Theobaldi
605 2095 711 2136 Magni
736 2094 859 2125 comitis
882 2094 1082 2136 Campaniae,
1107 2101 1137 2126 et
1164 2095 1323 2128 Robertus

315 2152 409 2193 Regis
429 2150 539 2184 frater,
560 2148 612 2190 qui
638 2159 674 2179 ex
700 2148 811 2179 itinere
834 2147 1121 2190 Hierosolymitano
1148 2148 1319 2180 redierant.

314 2205 398 2235 Vide
415 2203 563 2246 epistolas
584 2206 645 2235 179
659 2227 666 2239 ,
685 2205 748 2233 288
765 2209 794 2233 et
811 2206 891 2234 303.

365 2267 430 2296 685
457 2266 491 2295 C.
511 2275 552 2294 An
570 2274 722 2293 nmmum
745 2273 895 2293 ABBATEM
919 2272 1201 2292 SANCT1·BERT151.
1215 2280 1261 2284 -
1274 2265 1322 2293 De

313 2317 551 2351 Sancti-Bertini
565 2317 751 2347 monasterio
765 2321 866 2347 actum
881 2326 974 2358 supra
987 2316 1019 2346 in
1033 2315 1165 2358 epistola
1183 2317 1260 2347 149.
1276 2318 1323 2347 De

314 2374 438 2405 'l‘lioma
461 2371 569 2403 confer
587 2371 752 2413 epistolam
777 2374 839 2402 108
868 2370 907 2401 ad
928 2371 1040 2412 ipsum.
1068 2368 1204 2400 Leonius
1227 2369 1324 2401 abbas

311 2428 460 2460 laudatur
473 2425 512 2457 ab
526 2429 710 2457 Hermanno
724 2424 877 2456 monacho
891 2423 1093 2455 Laudunensi
1106 2423 1139 2454 in
1157 2422 1239 2454 libro
1261 2429 1323 2455 ter-

313 2482 355 2513 tio
371 2481 409 2512 de
425 2480 588 2513 Miraculis
611 2482 647 2511 B.
663 2479 773 2511 Mariae
785 2504 793 2517 ,
808 2489 876 2521 cap.
894 2480 927 2516 4,
947 2477 1002 2508 ubi
1029 2492 1042 2503 «
1060 2477 1108 2508 vir
1125 2476 1321 2519 religiosissi-

314 2550 326 2562 υ
341 2546 409 2566 mus
423 2559 431 2573 ,
451 2541 482 2566 et
495 2541 558 2565 tam
576 2532 740 2575 gentilium
751 2556 758 2570 ,
775 2543 870 2574 quam
886 2532 1066 2563 divinarum
1081 2531 1257 2562 litterarum
1271 2542 1322 2573 pe-

316 2605 328 2615 »
346 2589 507 2620 ritissimus
523 2603 535 2614 ›-
554 2587 677 2618 dicitur.
704 2586 831 2619 Praefuit
844 2585 884 2618 ab
903 2596 986 2617 anno
1016 2587 1104 2617 1148
1116 2608 1124 2623 ,
1143 2584 1183 2616 ad
1203 2595 1323 2615 annum

318 2646 330 2674 1
345 2646 418 2673 163.

362 2698 440 2726 691.
456 2698 493 2726 B.
520 2697 606 2725 Bene
633 2705 707 2736 ergo
732 2693 862 2732 fecistis,
887 2691 1096 2730 dilectissimi,
1126 2691 1244 2723 addere
1267 2691 1322 2723 ali-

314 2747 391 2789 quid
416 2747 454 2778 ad
481 2747 616 2789 priorem
645 2747 761 2778 silentii
787 2747 938 2789 regulam.
957 2765 1001 2769 —
1026 2745 1148 2778 Mirum
1166 2751 1320 2787 quantum

315 2799 354 2830 ad
373 2799 571 2841 perfectionis
590 2799 728 2830 studium
752 2800 877 2831 silentio
902 2799 1052 2830 tribuerit
1071 2797 1266 2836 Bernardus,
1287 2804 1321 2829 ut

314 2852 346 2883 in
361 2852 490 2895 epistola
506 2855 545 2883 91
570 2852 608 2883 ad
624 2852 753 2883 abbates
768 2853 934 2884 Suessione
953 2858 1172 2894 congregatos,
1196 2856 1228 2882 et
1243 2851 1320 2882 alibi

313 2906 439 2948 passim.
456 2908 522 2935 Imo
536 2904 650 2935 mirum
668 2905 708 2935 sit
726 2905 823 2936 videri
847 2906 993 2948 cuiquam
1006 2930 1013 2944 ,
1029 2906 1216 2948 religionem
1236 2911 1319 2936 stare

314 2970 404 3002 posse
417 2958 535 2999 absque
548 2963 696 2989 accurata
711 2959 828 2989 silentii
849 2959 1070 2990 observatione
1082 2983 1090 2997 ,
1113 2958 1197 3001 quod
1212 2969 1229 2989 a
1243 2961 1317 2990 Ber-

313 3012 413 3043 nardo
427 3026 439 3037 u
457 3012 569 3042 Custos
582 3009 741 3051 religionis
758 3026 769 3038 »
789 3017 918 3043 vocatur
931 3022 1077 3043 sermone
1098 3016 1116 3045 2
1136 3018 1206 3054 post
1225 3015 1319 3043 Octa-

314 3076 383 3096 vam
401 3064 602 3107 Epiphaniae,
619 3074 651 3094 n.
673 3066 703 3094 7.

362 3122 427 3150 692
445 3119 480 3149 C.
495 3115 706 3149 Casae-Marii.
726 3135 771 3138 —
785 3118 977 3149 Casa-Marii
1000 3118 1125 3151 abbatia
1139 3120 1269 3162 insignis
1284 3121 1317 3152 in

313 3183 388 3214 agro
401 3171 562 3202 Verulano
576 3194 583 3208 ,
605 3169 638 3200 in
657 3169 764 3207 Italia,
787 3169 912 3201 condita
937 3181 1018 3202 anno
1045 3175 1127 3203 1005
1142 3197 1149 3211 ‚
1173 3173 1232 3204 sub
1255 3176 1316 3205 Or-

312 3225 386 3257 dine
409 3227 440 3255 S.
461 3221 644 3260 Benedicti,
667 3228 698 3253 et
721 3222 890 3253 Benedicto
913 3223 1026 3254 abbate
1047 3225 1161 3266 primo.
1180 3228 1316 3257 Bernar-

313 3277 370 3310 dus
389 3277 468 3308 istuc
484 3287 546 3307 non
567 3275 662 3306 semel
683 3275 798 3306 adiisse
817 3282 1028 3313 memoratur;
1047 3277 1130 3308 unde
1146 3278 1314 3310 amicitiam

313 3330 384 3362 iniit
411 3342 482 3362 cum
510 3333 633 3362 Joanne
661 3328 777 3360 abbate
802 3328 953 3371 piissimo,
974 3328 1067 3371 hujus
1095 3330 1232 3372 epistolae
1258 3342 1314 3363 au-

314 3390 410 3423 ctore,
424 3384 478 3426 qui
498 3382 720 3415 monasterium
737 3393 828 3414 suum
843 3393 925 3414 anno
954 3385 962 3414 1
977 3385 1040 3414 140
1055 3382 1314 3415 cisterciensibus

825 193 875 228 IN
904 190 1083 228 TOMUM
1113 189 1312 226 PRIMUM
1342 187 1547 224 OPERUM
1574 190 1608 224 S.
1644 189 1896 224 BERNARDI

2325 193 2399 231 948

1401 266 1552 298 adunavit
1567 266 1625 298 sub
1641 267 1722 298 linea
1742 266 1967 299 Clarae-Vallis.
1985 266 2135 310 Ughellus
2148 269 2181 301 in
2198 270 2295 303 Italiae
2309 283 2404 307 sacra!

1401 326 1486 351 tomo
1504 324 1514 351 1
1535 344 1542 357 ,
1561 321 1620 351 col.
1642 323 1717 352 289.

1450 376 1514 404 694
1531 375 1566 405 C.
1584 384 1724 404 asserens
1738 384 1770 404 se
1789 373 1903 405 vidisse
1922 374 2083 416 epistolam
2099 382 2236 408 nostram
2250 378 2403 413 directam

1399 425 1438 456 ad
1456 437 1522 463 VOS,
1539 426 1571 457 in
1591 436 1649 468 qua
1665 436 1756 458 voces
1769 426 1987 459 amaritudinis
2003 428 2241 462 claudebantur.
2254 450 2295 454 —
2308 420 2402 466 Nulla

1400 489 1439 509 ex
1470 479 1563 510 editis
1592 479 1724 521 epistola
1749 485 1815 518 est,
1839 480 1890 511 cui
1912 480 1979 512 haee
2007 482 2205 514 conveniant.
2228 487 2404 527 Argumen-

1399 538 1466 562 tum
1485 538 1638 563 memorat
1665 535 1775 563 Petrus
1799 533 1832 564 in
1858 533 1987 576 epistola
2003 541 2170 577 sequente,
2190 547 2221 568 n.
2236 540 2268 570 4.
2283 538 2403 573 Similes

1399 590 1502 615 motus
1533 592 1657 628 experti
1689 591 1764 617 sunt
1790 587 2023 627 cartusienses,
2052 594 2086 620 ut
2113 595 2199 632 patet
2216 601 2256 622 ex
2287 593 2405 635 episto-

1399 638 1428 668 la
1454 641 1535 669 270.

1448 694 1513 723 694
1529 695 1569 723 D.
1584 703 1642 723 nec
1657 692 1764 724 videre
1781 694 1896 736 possim
1912 706 1982 737 quae
1994 695 2091 727 scribi
2105 697 2250 740 praecepi.
2264 716 2310 721 —
2322 699 2406 732 Hinc

1397 751 1546 786 apparet,
1563 745 1676 776 multas
1690 770 1697 784 ,
1714 746 1738 777 si
1759 757 1823 778 non
1839 758 1877 778 ex
1890 747 1956 787 his,
1976 749 2086 780 saltem
2104 759 2142 780 ex
2157 750 2239 789 aliis,
2257 751 2405 794 epistolas

1399 808 1418 829 a
1436 798 1585 829 Bernardi
1603 800 1733 831 notariis
1757 801 1946 844 compositas
1966 802 2078 842 fuisse3
2097 804 2206 845 quales
2224 811 2298 837 sunt
2312 806 2408 839 Nico·

1398 851 1439 883 lai
1456 851 1539 883 infra
1559 853 1592 883 in
1609 857 1632 884 A
1640 854 1804 895 ppendice.
2292 894 2293 897 Ἰ

1448 910 1515 939 700
1533 910 1567 939 Β.
1584 919 1627 937 ΑΒ
1646 919 1794 939 ESKILUM
1818 919 2021 941 suanensem
2042 921 2341 952 ARCRIEPISCOPUM‚
2356 924 2407 945 sn-

1398 970 1450 991 ms
1478 972 1683 993 Arosroucae
1705 973 1741 992 ns
1764 973 1861 993 mem
1881 974 1922 993 Π
1941 973 2052 994 susem
2074 975 2244 997 LEGATUM.
2259 984 2306 989 —
2326 970 2407 999 Lun-

1397 1013 1502 1045 densis
1530 1015 1660 1055 civitas,
1694 1015 1804 1047 Daniae
1840 1017 2028 1059 Metropolis
2040 1041 2048 1056 ‚
2079 1018 2130 1049 cui
2164 1025 2240 1050 tunc
2272 1027 2406 1062 praeerat

1397 1068 1532 1107 Eskilus,
1555 1069 1594 1100 ad
1613 1080 1706 1112 quem
1729 1069 1834 1112 plures
1851 1070 1996 1113 epistolas
2021 1071 2144 1114 scripsit
2159 1075 2271 1106 Petrus
2287 1074 2407 1106 Cellen-

1396 1121 1450 1161 sis,
1463 1122 1517 1164 qui
1528 1123 1595 1165 ejus
1606 1129 1716 1165 rogatu
1731 1123 1944 1156 cartusienses
1954 1124 1986 1155 in
1997 1124 2129 1156 Daniam
2142 1125 2267 1166 direxit,
2282 1138 2320 1160 ex
2332 1127 2404 1160 libri

1397 1175 1491 1217 primi
1507 1176 1640 1219 epistola
1660 1180 1717 1215 23,
1731 1176 1785 1208 ubi
1799 1176 1941 1208 Eskitum
1957 1177 2083 1217 laudat,
2102 1179 2188 1221 quod
2199 1194 2213 1208 α
2229 1191 2295 1212 non
2304 1180 2405 1212 solum

1398 1245 1412 1258 r»
1431 1230 1464 1262 in
1482 1230 1632 1270 herbam,
1650 1231 1705 1263 sed
1722 1231 1753 1262 in
1770 1231 1872 1274 spicas
1886 1231 2102 1263 Cisterciensis
2115 1232 2181 1264 sive
2193 1233 2405 1266 Clarae-Vallis

1398 1299 1412 1312 »
1432 1284 1520 1316 Ordo
1535 1285 1579 1316 ibi
1599 1284 1858 1327 multiplicatione
1875 1284 2010 1316 fratrum
2029 1285 2185 1324 excrevit,
2201 1287 2405 1320 nihilominus

1398 1353 1411 1366 n
1431 1343 1461 1370 et
1480 1339 1588 1381 religio
1608 1338 1926 1371 Praemonstratensis.
1951 1354 1965 1366 n
1988 1339 2128 1371 Eskilum
2151 1351 2218 1372 non
2239 1341 2335 1372 modo
2355 1352 2405 1373 ar-

1395 1391 1629 1435 chiepiscopum
1655 1393 1857 1425 Lundensem
1885 1392 1917 1424 in
1949 1393 2069 1430 Dania,
2096 1393 2151 1425 sed
2182 1399 2215 1426 et
2239 1394 2404 1437 primatem

1395 1445 1515 1477 Sueciae
1535 1457 1572 1478 ex
1593 1447 1721 1478 decreto
1736 1446 1874 1479 Adriani
1888 1449 1935 1478 IV
1949 1458 2039 1490 papae
2058 1447 2154 1479 fuisse
2167 1448 2249 1490 lego.
2262 1449 2360 1481 Venit
2378 1449 2404 1481 is

1394 1510 1432 1530 ex
1456 1500 1558 1531 Dania
1581 1499 1740 1531 visitatum
1763 1502 1795 1531 S.
1817 1499 2015 1531 Bernardum
2036 1499 2068 1531 in
2091 1501 2296 1534 Clara-Valle.
2321 1501 2405 1535 Vide

1392 1553 1555 1586 historiam
1565 1554 1646 1585 lectu
1656 1552 1972 1596 dignissimam,Vitae
1983 1556 2015 1585 S.
2027 1554 2272 1587 Bernardilibro
2284 1557 2317 1594 4,
2330 1567 2358 1588 c.
2369 1558 2403 1589 4.

1444 1610 1505 1640 701
1530 1611 1564 1640 Β.
1589 1611 1637 1639 De
1657 1613 1778 1640 secreto
1799 1614 1902 1639 autem
1920 1607 2019 1639 verbo
2032 1608 2096 1640 illo.
2108 1627 2154 1631 —
2167 1608 2328 1650 Quidnam
2343 1608 2404 1642 hoc

1392 1662 1527 1693 secreti?
1543 1661 1579 1693 Id
1601 1662 1693 1705 plane
1720 1661 1799 1693 mihi
1821 1667 1996 1701 secretum,
2013 1661 2073 1693 nisi
2096 1661 2182 1704 quod
2203 1664 2286 1694 saxo
2303 1673 2403 1704 gram-

1393 1715 1527 1746 maticus
1555 1715 1708 1758 idipsum,
1726 1715 1786 1746 nisi
1810 1714 1915 1754 fallor,
1937 1716 2070 1758 aperiat.
2090 1718 2122 1747 Is
2143 1727 2217 1758 ergo
2240 1715 2280 1747 de
2294 1716 2403 1749 Eskilo

1394 1775 1502 1800 nostro
1527 1769 1571 1800 sic
1599 1769 1716 1808 habet,
1750 1769 1899 1801 Historiae
1923 1772 2006 1801 Dan.
2032 1769 2116 1801 libro
2148 1772 2188 1801 14
2213 1780 2221 1801 ι
2243 1784 2257 1797 α
2282 1767 2403 1802 Eodem

1395 1836 1408 1849 n
1429 1827 1569 1866 tempore
1594 1823 1737 1862 Eskilus,
1765 1823 1944 1855 domesticis
1962 1834 2056 1866 supra
2075 1823 2158 1855 vires
2183 1823 2315 1866 negotiis
2334 1823 2404 1856 fati·

1396 1890 1409 1903 »
1429 1882 1531 1919 gatus,
1550 1876 1624 1908 duni
1647 1877 1745 1919 quieti
1770 1877 1920 1908 intentius
1942 1877 2094 1916 consulit,
2123 1876 2341 1920 proficiscendi
2367 1877 2403 1908 li-

1395 1945 1410 1957 n
1428 1930 1531 1962 centia
1563 1941 1581 1962 a
1609 1934 1695 1973 Rege
1725 1930 1893 1962 difficulter
1919 1936 2063 1969 extorta,
2092 1930 2200 1962 nobile
2226 1930 2402 1962 Galliarum

1393 1998 1407 2011 u
1428 1984 1606 2016 coenobium
1618 2009 1626 2023 ‚
1645 1984 1729 2026 quod
1744 1984 1954 2017 Clara-Vallis
1969 1989 2181 2027 nuncupatur,
2194 1983 2315 2027 petivit.
2333 1999 2349 2010 »
2361 1987 2402 2016 Et

1391 2047 1498 2069 rursus
1523 2038 1635 2069 eodem
1663 2037 1745 2069 libro
1763 2049 1771 2070 :
1794 2053 1806 2065 a
1827 2037 2056 2069 Valdemarum
2076 2048 2182 2080 regem
2210 2037 2336 2069 Eskilus
2355 2048 2402 2070 se-

1392 2106 1405 2118 »
1425 2097 1511 2123 creta
1530 2092 1719 2124 allocutione
1733 2091 1869 2134 petitum
1885 2092 1977 2124 en'ute
1997 2091 2138 2134 deposcit
2149 2116 2158 2130 ‚
2175 2090 2299 2128 arcani,
2315 2090 2401 2133 quod

1390 2160 1404 2172 a
1425 2145 1453 2177 ei
1473 2146 1671 2178 committere
1696 2146 1792 2184 ve'it,
1813 2146 2065 2188 intempestivam
2090 2144 2316 2177 confessionem
2336 2155 2400 2176 non

1391 2214 1403 2226 n
1424 2205 1546 2241 arguat.
1560 2203 1591 2232 A
1611 2211 1672 2241 quo
1697 2200 1851 2242 postulata
1867 2210 1994 2242 sperare
2011 2199 2127 2241 jussus,
2144 2197 2332 2240 jampridem
2347 2197 2401 2230 de-

1390 2268 1406 2279 n
1425 2253 1567 2295 ponendi
1602 2253 1803 2296 pontificatus
1834 2253 1959 2285 allatam
1995 2252 2056 2284 sibi
2087 2251 2268 2295 cupidinem
2301 2250 2397 2289 dicit,

1391 2321 1403 2333 n
1425 2317 1518 2348 quem
1538 2312 1625 2338 tanto
1647 2307 1734 2338 oneri
1755 2307 1906 2350 imparem
1923 2312 1997 2338 aetas
2020 2305 2139 2337 viribus
2159 2304 2308 2337 defuncta
2324 2315 2399 2337 con-

1393 2375 1408 2386 n
1430 2360 1548 2392 stituat.
1566 2362 1679 2402 Neque
1705 2361 1790 2392 enim
1825 2361 1857 2392 in
1888 2360 2033 2403 fastigio,
2066 2359 2121 2391 sed
2147 2359 2329 2402 privatum,
2363 2369 2400 2391 ac

1391 2429 1403 2441 n
1425 2414 1648 2456 procuratione
1664 2414 1799 2446 liberum
1828 2414 1979 2446 decedere
2006 2414 2107 2452 velle3
2134 2411 2300 2455 praeteritae
2325 2422 2400 2444 con·

1390 2482 1403 2494 ι»
1425 2467 1609 2499 versationis
1625 2466 1769 2499 habitum
1788 2467 1961 2499 monastica
1977 2473 2182 2498 mutaturum.
2199 2480 2216 2492 ι»
2231 2468 2311 2497 Mox
2329 2464 2401 2497 sub-
2415 2471 2420 2474 ’

1388 2522 1453 2561 dit,
1481 2532 1554 2553 eum
1570 2521 1611 2552 ab
1630 2521 1805 2559 Absalone,
1824 2531 1918 2563 quem
1935 2520 1968 2551 in
1984 2519 2167 2563 pontificatu
2188 2529 2397 2550 successorem

1389 2575 1512 2613 habuit,
1533 2581 1674 2616 rogatum
1687 2599 1694 2613 ‚
1709 2589 1722 2602 «ι
1737 2574 1825 2616 Quid
1842 2574 1884 2605 ita
1896 2573 2022 2616 plebem
2041 2572 2190 2605 moestitia
2206 2572 2345 2604 afficeret
2355 2574 2393 2604 Pu

1388 2628 1588 2671 respondisse
1604 2639 1611 2659 ς
1627 2644 1641 2655 «
1667 2631 1749 2659 Tum
1768 2627 1891 2659 senium
1918 2638 2008 2659 suum
2023 2652 2031 2666 ,
2053 2633 2120 2658 tum
2139 2626 2283 2658 exsilium
2298 2637 2396 2669 nepo-

1390 2698 1405 2709 »
1425 2688 1489 2713 tum
1502 2707 1509 2720 ,
1530 2682 1691 2724 dignitatis
1707 2682 1766 2713 sibi
1779 2708 1786 2721 ,
1807 2682 1978 2725 patriasque
1996 2681 2155 2714 fastidium
2171 2680 2298 2713 afferre.
2315 2681 2397 2713 Huic

1389 2751 1402 2763 u
1423 2736 1571 2767 accedere
1594 2737 1658 2767 voti
1674 2736 1868 2778 religionem,
1885 2747 1948 2779 qua
1966 2747 2000 2768 se
2020 2735 2139 2767 dudum
2152 2735 2314 2768 Bernardo
2327 2735 2397 2768 Cla-

1388 2805 1404 2816 »
1423 2789 1623 2821 ree-Vallensi
1638 2814 1645 2828 ,
1668 2790 1855 2832 pontificatu
1875 2790 1957 2822 ultro
1973 2801 2152 2828 cessurum,
2179 2788 2396 2832 privatamque

1388 2857 1401 2870 a
1422 2842 1538 2881 vitam,
1567 2849 1597 2874 et
1626 2842 1798 2874 honoribus
1835 2842 2017 2875 defunctam
2043 2848 2188 2874 acturum
2216 2841 2395 2884 spoponde-

1387 2910 1400 2923 »ι
1421 2896 1475 2926 rit.
1504 2911 1519 2922 υ
1540 2899 1587 2927 En
1612 2901 1779 2928 secretum.
1798 2899 1897 2928 Porro
1913 2907 1996 2927 anno
2016 2898 2103 2929 1178
2121 2895 2207 2927 venit
2223 2894 2346 2926 Eskilus
2362 2894 2395 2926 in

1385 2949 1509 2980 Claram
1527 2948 1665 2984 Vallem,
1690 2948 1744 2980 ubi
1769 2948 1982 2991 quadriennio
2000 2948 2052 2991 pie
2070 2947 2277 2990 religioseque
2294 2952 2394 2978 trans-

1384 3009 1453 3034 acto
1483 3002 1578 3040 obiit,
1608 3013 1691 3034 anno
1717 3003 1866 3034 nimirum
1898 3001 2096 3035 1182.Vide
2111 3004 2265 3034 Saxonem
2296 3010 2395 3042 gram-

1383 3056 1544 3093 maticum,
1564 3055 1711 3087 Historiae
1728 3059 1810 3088 Dan.
1826 3055 1910 3088 libro
1937 3057 1974 3087 14
1991 3067 1998 3094 ;
2017 3054 2089 3086 vide
2110 3055 2205 3086 etiam
2220 3053 2337 3085 librum
2355 3052 2394 3084 de

1383 3109 1470 3141 Viris
1491 3109 1667 3140 Illustribus
1683 3109 1814 3140 Ordinis
1831 3108 2061 3146 Cisterciensis‚
2083 3107 2156 3138 dist.
2181 3109 2215 3145 3,
2234 3117 2306 3149 cap.
2325 3109 2389 3143 25;

1382 3163 1490 3194 Vitam
1510 3166 1541 3194 S.
1557 3162 1720 3200 Bernardi,
1738 3162 1819 3194 libro
1836 3165 1869 3202 4,
1893 3174 1961 3205 cap.
1982 3164 2022 3200 43
2041 3160 2235 3199 Crantzium‚
2254 3159 2336 3192 libro
2351 3163 2390 3197 63

1382 3219 1467 3248 Dan.
1484 3227 1576 3258 capp.
1595 3218 1650 3252 41,
1665 3217 1708 3247 42
1725 3227 1732 3252 ;
1750 3215 1928 3257 Henriquez
1948 3215 1982 3246 in
1995 3214 2190 3256 Menologio,
2210 3212 2390 3244 diedecima

1382 3270 1499 3312 aprilis.
1518 3272 1565 3300 De
1578 3279 1700 3300 secessu
1716 3268 1815 3300 Eskili
1837 3269 1871 3300 in
1888 3267 2153 3301 Claram-Vallem
2171 3265 2310 3308 legendae
2327 3274 2391 3307 prae

1383 3322 1451 3353 aliis
1475 3321 1613 3364 epistolae
1633 3321 1704 3352 duae
1735 3321 1819 3353 Petri
1845 3321 2015 3358 Cellensis‚
2034 3331 2148 3363 nempe
2166 3319 2240 3351 libri
2266 3315 2390 3360 septimi

1383 3374 1511 3416 epistola
1537 3377 1590 3411 17,
1610 3380 1640 3405 et
1659 3374 1730 3405 libri
1756 3374 1857 3405 octaxi
1885 3370 2017 3416 epistola
2041 3378 2068 3406 1.
2097 3373 2184 3405 Idem
2217 3378 2327 3404 auctor
2356 3369 2389 3401 iu
