2533 3920
295 227 316 261 3
1041 211 1295 251 rant-tirio
1325 205 1421 244 01131·
1430 202 1613 240 naAms.
2343 187 2364 223 κ,

295 328 381 357 11011
399 319 484 356 tam
501 311 764 355 voluminum
778 342 788 362 ,
814 320 942 364 quam
963 306 1161 348 soliorum
1181 303 1257 343 hac
1284 300 1462 352 illaeque
1482 295 1769 347 dispersorum
1791 286 2103 336 collectionem,
2127 296 2174 324 ac
2193 283 2364 323 varian-

296 394 403 435 tium
422 393 646 433 leetionum
665 388 892 437 delectum,
913 389 1005 425 tum
1021 382 1075 423 ad
1093 379 1298 421 sanandos
1315 378 1428 418 locos
1445 373 1551 414 male
1570 370 1742 411 affectos
1761 371 1801 407 et
1820 365 1873 406 ad
1892 363 2071 404 obscura
2088 358 2365 415 penetranda3

298 476 390 512 tum
427 469 607 522 <lenique
638 466 691 507 ad
721 461 1009 505 instruendam
1035 458 1316 512 genuinorum
1340 464 1517 508 operum
1542 459 1776 491 censuram.
1807 446 1908 496 Quae
1934 442 2074 483 omnia
2090 472 2100 492 ,
2131 439 2297 493 aliaque
2324 436 2371 478 id

300 558 431 599 genus
460 542 690 599 permulta,
725 545 771 581 ut
797 539 932 593 prima
960 537 1100 577 statim
1132 532 1415 585 recognitione
1447 529 1500 571 ad
1533 527 1733 569 amussim
1760 525 2084 576 comparentur,
2113 518 2372 560 necessarius

301 628 361 664 est
394 622 554 663 felicior
586 621 754 673 genius,
793 628 919 670 quam
955 619 1001 656 ut
1045 624 1140 652 eum
1181 610 1286 650 mihi
1316 608 1502 648 tribuere
1535 605 1679 655 liceat,
1718 614 1795 643 nee
1830 601 1915 641 scio
1948 612 2002 640 an
2033 598 2262 652 quisquam
2290 594 2374 636 sibi

302 710 496 751 arrogare
536 697 679 750 possit.
716 697 818 735 [tut
854 697 937 742 est,
973 689 1115 730 malim
1143 687 1311 741 primfe,
1348 685 1383 724 si
1416 695 1500 737 qua
1539 686 1623 733 est,
1654 679 1900 721 temeritatis
1930 676 2099 731 culpam
2129 674 2371 730 deprecari,

301 788 429 829 quam
448 775 623 815 fortasse
645 784 795 825 augere
814 767 1050 811 excusando
1063 798 1074 819 ,
1098 769 1169 806 aut
1192 763 1376 817 priorem
1396 760 1624 801 editionem
1643 758 1882 811 relinquere
1904 753 2208 809 imperfectam.
2235 752 2374 794 Aliam

302 853 444 907 itaque
474 852 802 904 castigatiorem,
836 847 1157 902 politioremque
1190 842 1394 883 adornare
1428 839 1568 879 visum
1600 840 1662 876 est
1696 846 1833 888 operae
1867 833 2052 887 pretium
2078 846 2087 873 ε
2112 836 2239 886 atque
2270 830 2374 872 adeo

302 933 397 981 post
419 940 570 969 novam
592 927 723 967 saneti
750 925 943 966 Doctoris
967 934 1144 976 operum
1165 919 1494 972 recognitionem
1523 919 1563 955 et
1594 913 1859 955 collationem
1878 911 1933 952 ad
1954 915 2096 951 vetera
2120 908 2375 963 exemplaria

303 1005 479 1056 factam,
504 1002 798 1057 typographici
820 1000 958 1041 denuo
979 998 1147 1052 pistrini
1168 995 1420 1049 importunis
1439 993 1621 1034 servitiis
1640 1003 1707 1032 me
1729 1002 1826 1031 cum
1845 989 1948 1030 meis
1967 988 2090 1029 sociis
2113 985 2347 1040 mancipavi
2364 1017 2375 1036 ,

301 1086 412 1122 eerta
436 1081 618 1134 quadam
646 1080 853 1119 animatus
877 1076 1052 1127 fiducia,
1086 1075 1166 1115 hoc
1186 1072 1410 1113 consilium
1429 1081 1673 1123 novumque
1696 1067 1884 1109 laborem
1902 1070 2097 1107 nostrum
2117 1077 2203 1106 non
2228 1064 2374 1117 ingra-

300 1162 392 1198 tum
418 1158 508 1197 fore
534 1156 715 1197 cordatis
743 1156 865 1205 viris,
899 1164 995 1193 eum
1024 1152 1123 1192 facti
1152 1150 1288 1191 nostri
1318 1149 1521 1200 rationes,
1556 1152 1682 1200 atque
1711 1158 1831 1187 novae
1860 1143 1988 1199 hujus
2016 1143 2236 1193 editionis,
2270 1154 2376 1196 quas

301 1233 472 1287 quidem
494 1244 732 1287 speramuS,
757 1231 957 1275 utilitates
984 1229 1152 1282 penitus
1179 1226 1475 1268 intellexerint.

303 1441 324 1489 3
363 1439 398 1479 I.
433 1459 488 1466 --
519 1448 576 1477 DE
607 1448 756 1477 VARIIS
786 1446 940 1476 SANCTI
971 1445 1193 1474 BERNARDI
1237 1444 1420 1473 OPERL‘M
1460 1441 1747 1472 EDITIONIBUS
1791 1444 1800 1469 ζ
1835 1441 1913 1470 UBI
1953 1439 2200 1470 NOYISSIMAE
2232 1438 2376 1467 HUJUS

360 1525 585 1555 EDITIOMS
632 1524 728 1555 TUM
778 1523 949 1563 CAUSAE,
993 1522 1046 1552 ET
1087 1521 1325 1560 RATIONES,
1383 1522 1478 1551 TL‘M
1523 1520 1768 1559 COMMODA,
1814 1516 2169 1555 L‘TILITATESQUE
2217 1515 2375 1545 EXPLI-

360 1603 550 1634 CANTUR.

360 1759 440 1800 III.
462 1759 513 1800 In
530 1758 679 1812 primis
698 1756 804 1798 nihil
822 1756 953 1809 magis
970 1754 1173 1796 Bernardi
1192 1755 1390 1795 meritum
1412 1758 1452 1794 et
1471 1754 1655 1806 pretium
1673 1752 1834 1805 arguit,
1863 1763 1993 1805 quam
2010 1749 2114 1791 adeo
2134 1749 2378 1804 frequentes

303 1841 344 1877 et
364 1836 486 1876 toties
507 1836 691 1889 repetitae
718 1835 806 1887 ejus
830 1846 1005 1887 operum
1026 1833 1253 1884 editiones,
1281 1833 1368 1872 sive
1396 1834 1517 1883 ante,
1550 1843 1624 1871 seu
1648 1833 1744 1883 post
1772 1830 1990 1870 inventam
2018 1832 2152 1869 artem
2178 1831 2381 1881 typogra-

303 1912 484 1965 phicam.
520 1911 685 1965 Quippe
715 1911 937 1964 multiplex
973 1911 1043 1951 illa
1074 1910 1202 1951 editio
1235 1913 1482 1963 argumento
1518 1913 1602 1960 est,
1637 1920 1766 1962 quam
1798 1911 2066 1961 comparetur
2098 1905 2339 1948 Bernardus
2361 1918 2385 1947 a

304 1989 449 2030 multis
464 2020 474 2040 ,
499 2000 627 2042 quam
655 1987 776 2029 avide
798 1988 960 2040 legatur
979 2019 989 2039 ,
1011 2000 1138 2041 quam
1159 1987 1341 2040 denique
1360 1986 1412 2027 ab
1440 1986 1636 2027 omnibus
1661 1990 1837 2027 ametur.
1865 1987 2012 2040 Neque
2029 1985 2075 2026 id
2097 1997 2195 2026 sane
2220 1985 2382 2025 miran-

307 2066 425 2107 dum.
453 2067 503 2106 In
534 2065 622 2118 ejus
640 2066 751 2105 enim
772 2065 939 2118 scriptis
958 2064 1091 2105 elucet.
1115 2065 1333 2117 ingenium
1362 2068 1513 2104 natura
1537 2064 1702 2116 nobile,
1736 2076 2009 2117 generosum,
2043 2062 2281 2115 excelsum,
2311 2062 2386 2103 sed

310 2143 541 2183 humanum
556 2173 566 2193 ,
592 2141 735 2193 cix-ile,
766 2146 806 2182 et
825 2141 1061 2181 honestum.
1091 2142 1339 2195 Eloquentia
1362 2143 1483 2195 quasi
1502 2143 1723 2195 congenita
1740 2174 1750 2193 ,
1779 2143 1869 2183 sine
1888 2142 2010 2194 fuco,
2039 2154 2127 2182 non
2145 2141 2234 2182 sine
2256 2153 2384 2182 orna-

312 2223 471 2270 mento,
508 2218 579 2258 sed
611 2219 766 2258 nativo.
805 2218 930 2259 Stilus
955 2230 1145 2271 pressus,
1179 2220 1312 2260 oratio
1344 2220 1491 2270 xivax,
1524 2219 1654 2260 dietio
1688 2219 1882 2273 propria,
1919 2219 2127 2271 cogitatus
2159 2217 2385 2269 sublimes,

312 2297 487 2337 affectus
518 2297 600 2349 pii,
635 2296 795 2349 lepores
826 2301 972 2349 sponte
1008 2301 1243 2348 nascentes,
1276 2302 1391 2338 totus
1418 2309 1554 2337 sermo
1582 2309 1714 2337 unum
1745 2297 1882 2336 Deum
1911 2308 1958 2336 ac
1990 2295 2173 2336 coelestia
2204 2296 2383 2349 spirans.

312 2375 466 2427 Ardet,
488 2387 572 2414 non
601 2386 749 2425 urens,
781 2373 855 2414 sed
878 2374 1153 2417 inflammans.
1181 2377 1338 2430 Pungit
1360 2381 1401 2417 et
1424 2374 1634 2425 stimulat,
1664 2386 1749 2415 non
1778 2378 1825 2415 ut
1846 2374 2005 2423 irritet,
2032 2373 2107 2414 sed
2133 2377 2182 2414 ut
2203 2378 2382 2415 moveat.

313 2452 516 2505 Corripit,
536 2451 741 2504 increpat,
762 2464 846 2491 11011
870 2456 915 2492 ut
934 2451 1143 2503 detrahat,
1167 2455 1239 2495 sed
1259 2460 1307 2495 ut
1329 2454 1524 2495 attrahat.
1547 2453 1722 2506 Arguit,
1748 2453 1957 2504 minatur,
1979 2456 2129 2504 terret;
2152 2451 2225 2492 sed
2242 2464 2386 2492 aman-

313 2529 388 2580 do,
428 2542 510 2569 non
546 2528 817 2581 indignando.
852 2529 1096 2583 Blanditur,
1132 2531 1205 2572 sed
1239 2545 1325 2573 non
1355 2531 1572 2583 adulatur,
1613 2529 1778 2581 laudat,
1820 2529 1894 2571 sed
1925 2542 2011 2571 non
2044 2529 2220 2570 extollit.
2253 2531 2385 2583 Urget

313 2606 484 2658 blande,
505 2607 749 2659 perstringit
771 2607 929 2661 absque
948 2608 1156 2661 molestia,
1181 2609 1377 2659 delectat,
1399 2612 1577 2660 recreat,
1599 2607 1747 2661 placet.
1771 2608 1936 2661 Quippe
1957 2608 2090 2648 oratio
2111 2607 2222 2662 ejus,
2243 2608 2386 2662 inquit.

315 2685 453 2725 Sixtus
473 2685 681 2735 senensis,
708 2684 867 2737 ubique
885 2684 1021 2726 duleis
1043 2691 1084 2726 et
1101 2687 1268 2739 ardens,
1289 2689 1346 2728 ita
1366 2688 1557 2740 delectat,
1582 2693 1621 2728 et
1642 2687 1837 2729 ardenter
1854 2687 2054 2739 incendit,
2074 2691 2122 2728 ut
2137 2688 2384 2730 suavissima

314 2761 457 2813 lingua
486 2760 573 2814 ejus
605 2761 685 2801 mel
712 2766 752 2802 et
774 2761 836 2802 lac
865 2762 1090 2804 verborum
1114 2764 1266 2816 fluere,
1296 2771 1335 2806 et
1363 2779 1414 2806 ex
1441 2765 1733 2807 ardentissimo
1758 2765 1846 2820 ejus
1870 2769 2038 2819 pectore
2061 2765 2292 2819 ignitorum
2315 2766 2382 2807 af-

317 2837 502 2877 fectuum
536 2836 729 2877 incendia
758 2850 977 2891 erumpere
1000 2840 1238 2883 videantur.
1273 2845 1364 2883 Jam
1396 2856 1495 2884 vero
1529 2843 1763 2884 doctrinam
1788 2842 1915 2883 habet
1939 2843 2112 2883 minime
2139 2842 2382 2896 vulgarem,

316 2915 536 2967 Scripturte
557 2926 681 2954 sacrae
704 2915 843 2955 verbis
865 2927 911 2955 ae
939 2929 1061 2957 succo
1084 2919 1303 2971 refertam,
1333 2921 1392 2960 sie
1411 2925 1549 2960 autem
1569 2921 1742 2961 Patrum
1771 2919 1986 2960 sententiis
2014 2918 2286 2960 inhaerentem
2301 2950 2312 2971 ,
2335 2920 2384 2960 ut

314 2998 453 3033 tamen
476 2992 642 3044 propria
662 2991 750 3044 ejus
769 3004 855 3033 esse
875 2995 1090 3035 sentiatur.
1115 2998 1177 3037 lta
1203 2998 1361 3050 qnippe
1381 2996 1527 3037 scribit
1549 2995 1600 3037 de
1623 2997 1747 3037 rebus
1769 2996 1946 3048 divinis,
1968 2995 2019 3037 de
2037 2996 2171 3049 gratia
2189 2999 2231 3036 et
2249 2994 2383 3037 libero

315 3068 489 3109 arbitrio
503 3100 512 3118 ,
534 3067 585 3108 de
607 3069 795 3109 moribus
815 3074 855 3109 et
875 3070 1015 3111 officio
1039 3072 1306 3125 pontificum,
1336 3075 1606 3125 elericorum,
1629 3074 1956 3126 monachorum,
1978 3074 2201 3125 laicorum,
2221 3077 2268 3114 ut
2289 3057 2383 3115 fon-

312 3145 507 3197 temhhtec
534 3143 741 3196 indicent,
775 3159 857 3186 non
888 3148 1026 3188 rivum
1057 3154 1130 3190 aut
1157 3151 1355 3192 canalem.
1386 3153 1435 3192 Et
1458 3152 1661 3192 miramur
1687 3153 1722 3192 si
1745 3153 1810 3192 vir
1840 3155 1982 3192 tantus
2011 3149 2206 3192 amatur?
2231 3150 2267 3191 si
2292 3149 2382 3203 ejus

311 3222 466 3274 scripta
487 3227 802 3275 comparantur,
834 3223 1051 3277 leguntur,
1080 3231 1276 3269 teruntur
1303 3229 1355 3269 al)
1377 3228 1604 3270 omnihus?
1633 3230 1667 3270 si
1691 3228 1896 3270 editiones
1922 3240 2069 3269 eorum
2087 3227 2176 3268 sine
2204 3238 2381 3268 numero

313 3297 439 3338 siant?
456 3298 489 3338 si
510 3298 591 3338 viri
610 3297 720 3339 docti
742 3303 781 3338 et
800 3299 950 3340 eruditi
980 3301 1058 3341 illis
1077 3304 1296 3356 augendis,
1320 3305 1596 3351 illustrandis,
1619 3305 1909 3355 emendandis,
1935 3310 1975 3347 et
1994 3305 2046 3347 ad
2066 3305 2250 3346 nativam
2274 3304 2381 3344 inte—
