2517 3920
1037 516 1701 607 ADMONITIO

1137 729 1186 762 IN
1216 726 1405 763 OPUSCU
1412 726 1519 761 LUM
1547 726 1591 760 V.

1082 902 1099 905 ,
1134 892 1658 911 ψῆᾳροῢ-ν,

375 1061 411 1096 1.
438 1054 551 1096 Nihil
567 1064 623 1095 est
638 1053 748 1107 quod
763 1052 951 1103 majorem
979 1047 1180 1089 Bernardo
1201 1047 1392 1087 invidiam
1409 1047 1636 1086 conflaverit
1649 1077 1658 1094 ,
1681 1060 1806 1099 quam
1823 1045 1924 1085 liber
1947 1047 2018 1085 iste
2030 1076 2039 1094 ‚
2056 1046 2186 1085 editus
2203 1047 2244 1084 in
2269 1060 2409 1085 mona-

321 1124 414 1163 chos
428 1123 715 1162 Cluniacenses.
736 1122 794 1159 Ea
809 1120 915 1158 enim
942 1126 1026 1156 erat
1043 1131 1114 1169 per
1132 1115 1174 1154 id
1193 1125 1352 1167 tempus
1372 1115 1551 1166 ipsorum
1571 1114 1809 1152 existimatio
1827 1143 1836 1161 ,
1858 1121 1906 1151 ut
1932 1112 2038 1151 orbis
2068 1113 2182 1164 quasi
2201 1126 2407 1151 censuram

318 1188 475 1241 aggredi
492 1187 713 1234 videretur,
733 1186 802 1237 qui
820 1184 908 1223 illos
931 1196 1096 1235 arguere
1113 1189 1281 1220 tentaret
1299 1198 1307 1227 ;
1335 1194 1379 1217 ea
1396 1180 1628 1232 propagatio
1644 1189 1683 1218 et
1698 1178 1920 1218 multitudo
1934 1209 1943 1227 ,
1972 1188 2019 1217 ut
2043 1180 2076 1217 is
2096 1192 2239 1232 aganen
2268 1178 2409 1218 adver-

316 1255 513 1292 sariorum
532 1254 572 1291 in
594 1267 632 1291 se
649 1252 873 1290 concitaret.
902 1250 953 1288 Et
969 1257 1062 1286 sunt
1077 1248 1196 1285 etiam
1213 1260 1318 1284 nunc
1336 1246 1519 1284 nonnulli
1537 1277 1545 1294 ,
1571 1247 1640 1297 qui
1659 1245 1848 1285 Bernardi
1864 1245 1938 1284 hac
1956 1246 1997 1283 in
2018 1255 2131 1298 parte
2145 1244 2277 1284 zelum
2295 1247 2406 1297 quasi

316 1321 489 1358 nimium
506 1328 686 1357 accusent
709 1335 717 1355 :
737 1332 817 1356 non
837 1318 928 1355 satis
944 1314 1189 1354 attendentes
1206 1344 1215 1361 ,
1238 1313 1453 1351 Doctorem
1472 1322 1654 1351 sanctum
1671 1327 1694 1351 a
1714 1312 1798 1351 Deo
1815 1313 1870 1351 ita
1893 1321 2170 1364 comparatum
2185 1321 2224 1350 et
2242 1312 2409 1350 institu-

317 1394 405 1423 tum
429 1385 546 1423 fuisse
564 1415 572 1431 ,
604 1393 650 1423 ut
669 1382 847 1422 Ecclesiae
865 1380 1039 1420 maculas
1061 1380 1299 1432 abstergeret
1315 1409 1324 1426 ,
1343 1388 1382 1417 et
1398 1379 1602 1416 monastici
1618 1376 1778 1416 Ordinis
1797 1378 2063 1431 integritatem
2079 1376 2407 1430 splendoremque

316 1452 537 1490 restitueret
555 1480 564 1498 ,
584 1449 737 1488 bellum
753 1447 960 1486 indicendo
981 1448 1084 1485 vitiis
1101 1477 1110 1494 ,
1129 1460 1216 1498 quae
1243 1446 1327 1496 ejus
1347 1444 1564 1495 puritatem
1586 1458 1658 1482 suo
1678 1452 1854 1494 tempore
1872 1442 2164 1482 deformabant.
2184 1441 2302 1481 Nunc
2316 1457 2407 1496 ergo

317 1516 411 1553 scire
428 1516 589 1554 interest
605 1545 614 1562 ,
635 1529 715 1565 quo
735 1512 852 1551 titulo
869 1543 877 1560 ,
897 1526 1027 1563 quove
1047 1525 1152 1549 anno
1172 1509 1396 1549 Bernardus
1412 1509 1486 1547 hoc
1506 1523 1607 1561 opus
1632 1508 1799 1548 ediderit
1822 1526 1830 1547 :
1850 1523 1901 1547 an
1921 1522 2008 1560 quae
2028 1509 2069 1546 111
2085 1507 2407 1547 Cluniacensibus

316 1582 440 1632 carpit
454 1612 463 1628 ,
483 1595 524 1620 re
545 1582 629 1633 ipsa
648 1581 742 1619 vitia
756 1580 834 1618 sint
849 1609 857 1626 ,
880 1593 929 1616 an
943 1577 1166 1616 tolerabiles
1183 1578 1281 1615 ritus
1304 1593 1312 1614 ε
1333 1585 1371 1614 et
1388 1575 1586 1627 siquidem
1603 1576 1698 1613 vitia
1717 1584 1809 1614 sunt
1820 1605 1829 1622 ,
1851 1589 1942 1613 vera
1959 1589 2010 1613 an
2027 1575 2244 1627 supposita.

371 1649 409 1684 2.
429 1646 547 1696 Quod
563 1646 613 1684 ad
634 1645 800 1684 titulum
828 1645 998 1696 pertinet
1015 1674 1024 1691 ,
1046 1642 1264 1695 Epistolam
1280 1651 1394 1681 vocat
1418 1641 1644 1680 Bernardus
1672 1643 1713 1680 in
1733 1643 1914 1693 sequenti
1942 1641 2069 1690 libro,
2099 1657 2140 1680 n.
2163 1643 2211 1681 15
2240 1658 2250 1679 ε
2276 1660 2293 1676 «
2315 1642 2405 1680 Jam

320 1730 337 1745 »
360 1727 452 1752 vero
474 1712 651 1764 Epistola
667 1743 676 1759 ,
697 1722 745 1750 ut
764 1710 929 1763 epistola
953 1718 1173 1756 remaneat,
1205 1708 1376 1747 finienda
1395 1718 1501 1756 erat,
1533 1726 1549 1742 »
1572 1717 1644 1747 etc.
1674 1718 1715 1746 at
1743 1723 1837 1748 vero
1856 1709 1898 1747 in
1918 1710 1996 1747 fine
2031 1708 2122 1747 libri
2155 1708 2404 1761 Opusculum

318 1788 453 1827 vocat,
484 1778 553 1816 ubi
580 1777 627 1815 de
644 1778 786 1830 Ogerio
801 1807 810 1824 ,
833 1777 902 1827 qui
920 1790 942 1813 a
960 1774 1162 1814 Bernardo
1181 1774 1377 1813 discedere
1396 1774 1556 1813 nolebat
1578 1794 1593 1808 =‹
1616 1774 1767 1826 absque
1796 1776 1940 1814 recenti
1961 1774 2176 1827 Opusculo.
2203 1793 2220 1808 n
2241 1774 2405 1813 Gaufri-

316 1846 391 1884 dus
411 1846 452 1883 in
469 1844 573 1883 libro
589 1845 703 1883 tertio
717 1843 764 1881 de
785 1841 974 1881 Bernardi
989 1841 1082 1880 Vita
1094 1873 1102 1889 ,
1121 1842 1244 1893 capite
1264 1850 1401 1879 octavo
1419 1871 1428 1888 ‚
1450 1841 1749 1893 Apologeticum
1769 1841 1942 1893 appellat
1969 1859 1978 1880 t
2003 1860 2020 1876 u
2039 1841 2079 1880 Si
2094 1841 2250 1880 fervens
2270 1849 2404 1879 contra

321 1930 337 1945 u
361 1925 527 1949 suorum
545 1941 553 1957 ‚
585 1909 647 1948 vel
674 1909 845 1947 aliorum
866 1909 960 1949 vitia
976 1908 1082 1946 zelus
1101 1939 1109 1955 ,
1129 1907 1282 1960 legatur
1310 1908 1364 1955 is,
1387 1921 1508 1959 quein
1536 1907 1839 1960 Apologeticuin
1869 1917 1994 1946 vocat.
2023 1926 2039 1941 n
2064 1907 2178 1946 Certe
2207 1906 2404 1960 Apologiae

318 1977 479 2015 nomine
499 1976 627 2013 utitur
642 1975 717 2013 Vir
733 1984 889 2012 sanctus
910 1975 949 2011 in
975 1972 1137 2026 epistola
1162 1973 1313 2011 decima
1336 1982 1470 2010 octava
1487 1972 1556 2010 ubi
1579 1974 1723 2024 scripta
1743 1987 1814 2011 sua
1832 1972 1948 2012 Petro
1968 1972 2155 2012 cardinali
2175 1987 2375 2012 recensens
2390 2003 2400 2019 ,

321 2042 518 2080 «Necnon
536 2049 574 2079 et
592 2039 823 2092 Apologiam
841 2071 850 2089 ,
872 2058 888 2073 u
915 2041 1046 2091 inquit
1061 2070 1070 2087 ,
1097 2057 1112 2071 «
1143 2038 1191 2076 ad
1217 2038 1434 2089 quemdam
1461 2039 1636 2077 amicum
1668 2048 1852 2078 nostruin
1869 2070 1878 2088 ,
1899 2039 1969 2077 ubi
2001 2039 2137 2091 aliqua
2162 2038 2328 2078 disserui
2355 2037 2402 2077 de

322 2127 337 2141 υ
363 2106 684 2146 Cluniacensibus
703 2116 741 2144 et
758 2107 899 2144 nostris
915 2137 923 2154 ,
944 2106 982 2144 id
1000 2114 1057 2144 est
1072 2105 1394 2143 Cisterciensibus
1412 2135 1421 2152 ,
1442 2104 1714 2144 observantiis.
1741 2124 1757 2139 υ
1778 2104 2003 2158 Vulgatum
2024 2104 2191 2157 proinde
2207 2103 2403 2158 Apologiae

318 2171 483 2210 titulum
496 2171 775 2219 retinebimus,
798 2171 848 2209 ab
868 2172 952 2222 ipso
969 2171 1088 2209 etiam
1110 2179 1268 2208 auctore
1282 2180 1566 2209 consecratum.

374 2240 411 2276 3.
438 2238 496 2276 Ex
521 2237 658 2275 eadem
683 2236 848 2288 epistola
874 2237 1027 2275 decima
1049 2245 1184 2275 octava
1202 2266 1211 2283 ,
1240 2249 1326 2287 quae
1346 2236 1421 2274 sub
1451 2250 1604 2274 annum
1628 2238 1727 2274 1127
1748 2237 1892 2288 scripta
1913 2246 1971 2275 est
1990 2267 2000 2285 ‚
2021 2235 2185 2275 conditae
2207 2235 2402 2289 Apologiae

319 2315 476 2355 tempus
489 2303 734 2356 intelligitur.
759 2304 810 2343 Et
829 2318 918 2342 sane
932 2303 1083 2341 librum
1099 2302 1209 2341 hunc
1232 2317 1362 2340 unum
1379 2317 1424 2341 ex
1452 2304 1590 2355 primis
1611 2303 1801 2342 Bel-nardi
1826 2303 2050 2355 opusculis,
2081 2312 2120 2342 et
2147 2302 2312 2355 quidem
2328 2311 2403 2341 ter-

320 2371 423 2409 tium
444 2369 564 2408 fuisse
591 2379 739 2408 constat
760 2384 805 2408 ex
822 2370 1120 2408 enumeratione
1136 2368 1254 2407 Petro
1268 2368 1456 2408 cardinali
1472 2370 1574 2408 facta
1593 2401 1602 2418 ,
1624 2371 1665 2408 in
1679 2385 1760 2422 qua
1774 2370 1856 2409 duo
1877 2380 2038 2409 tantum
2064 2379 2156 2410 ante
2171 2369 2402 2422 Apologiam

320 2444 537 2483 memorat,
558 2449 700 2486 nempe
715 2434 865 2473 librum
881 2434 932 2473 de
946 2434 1181 2474 Huinilitate
1193 2464 1202 2482 ,
1220 2443 1259 2472 et
1275 2434 1468 2473 Hoinilias
1489 2436 1530 2473 in
1554 2435 1743 2474 laudibus
1761 2435 1937 2489 Virginis
1958 2437 2096 2475 matris
2116 2437 2157 2474 in
2180 2439 2318 2473 Missas
2336 2444 2399 2478 est,

319 2500 465 2551 quibus
490 2500 722 2552 Apologiam
739 2501 981 2539 continenter
998 2499 1157 2551 subjicit
1182 2514 1276 2538 cum
1291 2501 1425 2551 paucis
1442 2500 1630 2552 epistolis.
1649 2501 1792 2552 Itaque
1809 2501 1998 2554 Apologia
2021 2501 2238 2553 composita
2257 2509 2313 2539 est
2327 2499 2401 2539 sub

321 2580 473 2604 3111111111
492 2568 591 2605 1125
604 2597 613 2614 ,
635 2566 675 2603 id
694 2575 750 2604 est
764 2566 839 2604 sub
855 2567 967 2604 initia
985 2566 1185 2618 regiminis
1202 2564 1309 2603 Petri
1325 2564 1572 2605 Venerabilis
1590 2598 1599 2616 ,
1630 2569 1701 2619 qui
1726 2569 1884 2621 Hugoni
1905 2567 2077 2607 secundo
2097 2568 2278 2607 successit
2299 2579 2401 2605 anno

323 2633 438 2678 1122,
462 2646 565 2670 anno
584 2631 749 2669 dimidio
762 2640 851 2682 post
868 2631 1059 2670 Pontium
1071 2662 1080 2679 ‚
1099 2631 1174 2669 sub
1189 2645 1270 2682 quo
1291 2646 1528 2685 magnopere
1544 2633 1675 2673 laxata
1691 2634 1822 2673 suerat
1838 2634 2104 2674 Cluniacensis
2119 2634 2279 2673 Ordinis
2293 2634 2401 2672 disei-

323 2696 432 2746 plina
456 2696 659 2748 regularis.
686 2695 777 2734 Non
802 2697 952 2734 mirum
980 2698 1134 2748 itaque,
1156 2696 1185 2734 si
1204 2693 1430 2736 Bernardus
1456 2698 1592 2750 aliqua
1616 2699 1920 2751 reprehensione
1940 2700 2058 2753 digna
2083 2701 2256 2749 notavit,
2278 2712 2400 2751 eaque

323 2763 363 2799 111
383 2763 522 2813 scripta
542 2761 690 2814 redegit
714 2772 855 2815 rogatu
874 2761 1081 2801 Guillelmi
1104 2761 1495 2802 Sancti—Theoderici
1522 2765 1675 2804 abbatis
1690 2797 1699 2815 ,
1719 2767 1790 2817 qui
1817 2781 1864 2805 ex
1883 2765 2032 2805 Ordine
2050 2765 2294 2805 Cluniacensi
2312 2779 2401 2804 cen-

323 2826 495 2864 sebatur.
516 2826 621 2865 Nam
640 2842 732 2866 cum
751 2827 966 2881 ¹Nigrorum
984 2827 1274 2867 monachorum
1290 2829 1465 2867 coenobia
1481 2830 1561 2868 fere
1580 2832 1714 2869 omnia
1731 2833 1830 2870 ritus
1845 2831 2119 2870 Cluniacenses
2135 2839 2397 2876 sectarentur3

326 2899 460 2928 exorta
480 2891 600 2930 semel
620 2894 933 2932 Cisterciensium
953 2894 1251 2946 congregatione
1265 2924 1274 2942 ,
1294 2907 1382 2944 quae
1398 2893 1493 2933 alios
1512 2910 1641 2934 mores
1666 2896 1859 2945 habebat,
1884 2911 1930 2935 ea
1960 2896 2225 2935 Cluniacensis
2244 2894 2400 2934 Ordinis

326 2960 338 3005 (
360 2957 513 2994 tametsi
537 2958 569 2994 ei
585 2968 790 3009 aggregata
803 2974 884 2998 non
899 2963 1039 3007 erant)
1062 2959 1317 3007 dicebantur,
1339 2967 1386 2997 ut
1404 2959 1468 2998 vel
1490 2975 1535 2999 ex
1558 2970 1744 3013 sequente
1764 2961 1955 3014 Apologia
1972 2971 2100 3013 patet,
2119 2962 2160 3000 in
2179 2975 2260 3013 qua
2279 2959 2401 2998 Guil-

323 3021 491 3060 lelmum
510 3021 728 3073 alloquens,
749 3041 765 3055 «
788 3024 978 3064 Ordinem
995 3036 1172 3066 vestrum
1194 3044 1210 3059 ι»
1229 3025 1323 3065 dicit
1342 3040 1411 3063 nn.
1432 3029 1448 3063 1
1470 3035 1508 3065 ct
1525 3028 1576 3065 30
1590 3058 1598 3074 ,
1616 3036 1654 3065 et
1669 3028 1709 3065 in
1723 3027 1861 3066 eodem
1878 3042 1919 3065 n.
1940 3030 1992 3067 30
2006 3027 2292 3066 monasterium
2308 3024 2400 3063 San-

324 3089 374 3126 cti
387 3087 538 3126 Nicolai
559 3087 729 3126 ‹lioecesis
746 3090 1015 3130 Laudunensis
1032 3091 1160 3130 eidem
1176 3091 1317 3130 Ordini
1334 3092 1530 3130 attribuit.
1546 3093 1656 3131 Hanc
1672 3107 1763 3146 ergo
1780 3093 2013 3146 Apologiain
2028 3092 2252 3132 Ber-nardus
2270 3089 2400 3130 scribit

323 3162 483 3207 rogatus
500 3167 521 3190 a
536 3152 754 3192 Guillelmo
770 3155 1012 3195 Cluniacensi
1035 3157 1198 3196 homine
1214 3176 1223 3205 3
1240 3159 1393 3207 scribit,
1411 3159 1578 3210 inquam
1593 3189 1601 3206 ,
1622 3173 1667 3197 eo
1690 3169 1867 3210 tempore
1884 3190 1893 3207 ,
1916 3173 1997 3210 quo
2016 3158 2182 3198 solutior
2203 3166 2287 3197 erat
2301 3155 2401 3195 Clu-

323 3219 567 3257 niacensium
582 3217 717 3271 religio
744 3236 752 3257 :
771 3219 837 3258 sed
853 3221 906 3258 ita
919 3220 1100 3260 libellum
1116 3225 1337 3274 componit,
1359 3234 1405 3262 ut
1420 3225 1598 3276 primum
1616 3255 1625 3271 ,
1649 3234 1687 3263 et
1703 3225 1865 3276 quidem
1885 3224 2025 3263 durius
2043 3255 2052 3273 ‚
2070 3232 2209 3277 arguat
2223 3235 2312 3261 suos
2329 3251 2338 3268 ‚
2360 3218 2400 3258 id

323 3293 380 3323 cst
398 3283 690 3332 Cistercicnses,
716 3285 785 3335 qui
805 3286 1009 3323 severioris
1027 3287 1115 3324 vitae
1132 3288 1256 3338 specie
1287 3288 1818 3338 Cluniacensiuminstitutis
1843 3289 2108 3329 detrahebant
2125 3321 2134 3338 ,
2163 3290 2295 3340 sicque
2315 3301 2401 3325 san-

322 3351 457 3389 ctiores
486 3349 683 3401 religionis
701 3349 805 3402 leges
823 3350 1037 3389 violabant.
1062 3352 1117 3389 I't
1143 3367 1234 3405 crgo
1256 3353 1397 3392 alteros
1419 3354 1549 3393 alteris
1565 3356 1787 3395 conciliaret
1809 3357 2073 3395 sanctissimus
2100 3355 2271 3402 Doctou,
2303 3348 2400 3403 quid
