2517 3936
791 863 1456 956 ADMONITIO

718 1094 767 1127 IN
800 1093 1112 1139 SUBSEQUENS
1141 1094 1441 1131 OPUSCL‘LUM
1470 1098 1517 1132 X.

826 1267 1336 1287 us——aeQ-§Qvffi—
1345 1277 1379 1280 ᾼ
1391 1278 1400 1280 -

121 1436 156 1471 1.
185 1431 236 1471 Et
253 1431 336 1471 haec
353 1434 532 1486 epistola,
546 1447 634 1486 quae
654 1434 750 1474 alias
767 1438 1054 1490 septuagesima
1073 1440 1240 1490 septima
1256 1452 1337 1477 esse
1358 1438 1520 1487 solebat,
1536 1441 1575 1478 in
1590 1449 1831 1479 tractatuum
1850 1442 2011 1481 classem
2032 1444 2151 1483 relata

64 1507 123 1538 est
142 1499 193 1537 ab
205 1501 380 1539 Horstio.
398 1501 633 1541 Inscribitur
647 1503 689 1540 in
706 1504 870 1542 vetustis
889 1503 1013 1551 libris,
1038 1523 1054 1537 «
1072 1503 1122 1542 ad
1136 1505 1372 1557 magistrum
1384 1505 1593 1557 Hngonem
1609 1506 1656 1544 de
1673 1506 2006 1547 Sancto-Victore.
2026 1527 2041 1541 n
2061 1510 2151 1548 Duo

62 1565 229 1605 fuerunt
245 1565 385 1605 eodem
402 1576 580 1619 tempore
599 1569 785 1621 Hugones
802 1570 843 1607 in
855 1569 1016 1608 abbatia
1037 1569 1077 1608 S.
1094 1569 1267 1609 Victoris
1291 1572 1398 1622 apud
1411 1571 1583 1609 Parisios
1599 1589 1607 1609 :
1631 1587 1735 1611 1111115
1756 1575 1908 1625 scriptis
1928 1574 2054 1614 clarus
2074 1607 2083 1623 ,
2102 1576 2150 1614 de

63 1629 388 1671 Sancto-Victore
422 1632 643 1684 appellatus
659 1664 668 1682 ,
686 1634 736 1672 ad
763 1649 885 1686 quem
904 1635 987 1673 haec
1000 1635 1164 1688 epistola
1179 1667 1187 1683 ,
1207 1636 1473 1676 Lothariensis
1493 1652 1562 1675 seu
1587 1638 1780 1688 Iprensis‚
1805 1654 1884 1677 non
1910 1640 2123 1680 Saxonicus
2139 1673 2148 1689 ‚

62 1696 190 1736 dictus
209 1699 251 1736 in
265 1698 491 1751 fragmento
505 1699 615 1750 quod
636 1700 756 1738 retuli
776 1701 817 1738 in
834 1710 944 1739 tomo
963 1703 1096 1753 primo
1120 1701 1399 1740 Analectorum
1411 1732 1420 1748 ‚
1449 1712 1632 1740 mortuns
1652 1717 1755 1741 anno
1780 1705 1878 1742 1142
1891 1735 1899 1751 ‚
1922 1720 1965 1743 ac
1984 1707 2149 1757 proinde

62 1771 154 1802 ante
173 1763 342 1817 Eugenii
358 1765 467 1802 tertii
481 1767 757 1816 pontificatum
779 1783 788 1804 z
810 1766 910 1805 alter
924 1767 974 1804 ab
995 1769 1079 1819 ipso
1100 1766 1278 1819 Eugenio
1294 1766 1479 1805 laudatus
1500 1769 1540 1804 in
1559 1767 1721 1818 epistola
1740 1768 1789 1805 ad
1804 1768 2015 1821 Sngerium
2033 1802 2042 1818 ,
2064 1786 2151 1822 quae

61 1830 226 1882 epistola
246 1832 348 1870 inter
368 1831 603 1884 sugerianas
629 1842 686 1872 est
705 1835 944 1886 sexagesima
962 1842 1114 1872 octava.
1139 1833 1307 1885 Eugenii
1324 1832 1406 1870 haec
1433 1833 1552 1871 verba
1572 1843 1665 1871 sunt
1684 1850 1691 1870 :
1716 1852 1731 1867 «
1750 1833 1853 1882 Quia
1876 1850 1966 1887 ergo
1986 1836 2151 1876 dilectus

64 1913 81 1929 n
104 1895 211 1934 filius
237 1905 370 1935 noster
400 1898 542 1950 Hugo,
569 1900 781 1937 eanonicus
810 1899 1155 1946 Sancti-Victoris,
1186 1897 1237 1936 ad
1261 1913 1332 1936 nos
1363 1898 1562 1937 rediturus
1592 1908 1668 1947 est;
1696 1899 2012 1940 benevolentiam
2035 1912 2148 1940 tuam

65 1979 81 1995 »
104 1975 289 2014 rogamus
304 1992 313 2010 ,
341 1971 538 2014 quatenus
552 1964 587 2001 ei
605 1965 875 2015 equitaturam
896 1979 1020 2002 unam
1040 1972 1078 2002 et
1095 1978 1303 2014 expensas,
1333 1978 1420 2015 quae
1439 1979 1512 2016 pro
1533 1967 1617 2016 ipsa
1635 1974 1672 2003 et
1698 1966 1781 2015 ejus
1798 1980 1941 2005 sessore
1960 1968 2000 2004 in
2019 1968 2150 2006 reditu

66 2046 81 2061 »
108 2027 183 2066 sibi
212 2027 408 2066 sufficiant
423 2058 432 2075 ‚
457 2028 651 2080 largiaris.
680 2048 693 2063 υ
717 2029 778 2067 Ad
793 2030 971 2080 primum
991 2038 1180 2076 revertor,
1204 2031 1317 2079 cujus
1333 2030 1496 2081 epistola
1512 2061 1521 2078 ,
1542 2045 1629 2082 quae
1645 2030 1739 2069 huic
1759 2033 2000 2070 occasionem
2016 2032 2123 2072 dedit
2141 2064 2150 2081 ,

61 2094 101 2131 in
117 2092 232 2132 editis
247 2094 332 2144 ejus
356 2094 546 2145 operibus
564 2093 825 2134 desideratur.

112 2161 152 2197 2.
169 2158 462 2212 Argumentum
478 2159 600 2211 hujus
619 2160 792 2212 epistolae
806 2170 862 2199 est
876 2169 1011 2199 contra
1030 2160 1246 2212 quemdam
1263 2175 1508 2213 anonymum
1522 2191 1530 2208 ‚
1549 2162 1660 2211 cujus
1680 2164 1871 2201 sententia
1888 2172 1970 2201 erat
1984 2181 1992 2209 ;
2004 2164 2147 2214 primo⁷

60 2223 251 2276 Baptismi
268 2235 505 2277 praeceptum
525 2226 717 2279 obligasse
731 2258 740 2274 ,
766 2242 812 2266 ex
834 2241 915 2278 quo
934 2228 1113 2278 primum
1139 2226 1357 2265 Nicodemo
1382 2227 1534 2266 dictum
1556 2237 1613 2265 est
1628 2242 1650 2266 a
1669 2228 1825 2267 Christo
1847 2228 2042 2276 Domino,
2067 2233 2151 2266 Nlla·

59 2296 140 2340 quis
160 2301 311 2328 renatus
321 2290 464 2340 suerit,
486 2301 558 2330 etc.
587 2292 758 2331 secundo
777 2324 785 2341 ‚
807 2292 1021 2331 Neminem
1049 2292 1198 2343 absque
1221 2292 1422 2343 BaptiSmo
1438 2324 1446 2339 ‚
1470 2293 1532 2331 vel
1550 2293 1688 2332 saltem
1717 2294 1800 2343 ejus
1828 2296 1910 2332 vice
1927 2295 2116 2345 martyrio
2136 2326 2145 2342 ‚

58 2355 259 2395 ullatenus
273 2358 448 2408 potuisse
467 2357 630 2405 salvari;
662 2359 781 2397 tertio
800 2366 813 2405 ‚⁷
832 2358 969 2396 Patres
982 2355 1132 2396 ’veteris
1149 2357 1395 2396 Testamenti
1416 2368 1499 2397 tam
1520 2358 1666 2396 claram
1692 2358 1878 2397 habuisse
1898 2361 2078 2397 notitiam
2099 2359 2146 2397 dc

60 2421 336 2461 Incarnatione
350 2454 360 2472 ‚
379 2438 501 2474 quaJn
524 2423 788 2473 Christianos5
811 2434 955 2476 quarto
969 2455 978 2472 ‚
1003 2424 1175 2463 Nullum
1196 2438 1275 2462 esse
1299 2433 1504 2475 peccatum
1523 2439 1570 2462 ex
1589 2426 1809 2477 ignorantia
1829 2443 1837 2471 3
1859 2427 1998 2475 quinto
2018 2455 2026 2471 ‚
2050 2424 2148 2462 Ber-

58 2487 231 2527 nardum
248 2503 418 2538 errasse,
449 2505 541 2530 cum
572 2492 724 2543 scripsit
749 2492 790 2530 in
817 2491 994 2530 homiliis
1022 2505 1141 2542 super
1172 2493 1312 2527 Msssus
1345 2501 1399 2527 est
1422 2520 1430 2534 ‚
1464 2490 1629 2543 Angelos
1658 2490 1816 2529 latuisse
1838 2491 1909 2528 Dei
1939 2490 2145 2528 consilium

58 2552 107 2593 de
122 2554 415 2594 Incarnatione.

112 2620 150 2658 3.
183 2619 282 2670 Quis
297 2619 419 2658 fuerit
434 2622 505 2660 iste
533 2636 760 2674 anonymus
773 2654 781 2670 ‚
798 2637 878 2661 non
898 2622 1012 2660 facile
1035 2621 1211 2659 divinare
1236 2621 1339 2659 licet.
1367 2622 1540 2672 Quidam
1561 2636 1639 2660 esse
1654 2631 1797 2673 putant
1812 2622 2003 2658 Joannem
2020 2621 2148 2658 archi-

58 2684 288 2736 episcopum
308 2685 582 2737 Hispalensem
597 2718 606 2735 ‚
622 2687 673 2725 ad
688 2702 810 2739 quem
832 2689 949 2741 Hugo
970 2688 1199 2727 Victorinus
1218 2687 1425 2739 epistolam
1446 2689 1614 2738 scripsit,
1631 2689 1741 2737 cujus
1757 2695 2037 2738 argumentum
2058 2696 2113 2724 est
2135 2717 2143 2733 ‚

58 2763 139 2788 non
162 2749 294 2788 solum
313 2749 448 2799 corde,
479 2751 547 2790 sed
573 2753 693 2790 etiam
720 2767 786 2791 ore
815 2747 1079 2792 confitendam
1107 2753 1225 2792 fidem
1249 2784 1258 2800 ,
1289 2767 1411 2804 quam
1432 2753 1599 2790 Joanncs
1632 2754 1711 2803 ipse
1735 2766 1800 2789 ore
1823 2760 2044 2803 negaverat.
2068 2750 2146 2789 Sed

58 2815 161 2854 nihil
182 2831 228 2855 ex
252 2815 320 2854 illa
345 2816 510 2867 epistola
538 2817 736 2870 colligitur
760 2818 809 2856 ad
840 2819 1118 2858 stabiliendam
1138 2819 1241 2857 hanc
1261 2820 1538 2869 conjecturam.
1558 2818 1693 2855 Exsmt
1713 2818 1752 2853 in
1769 2825 1877 2853 tomo
1897 2817 2011 2853 tertio
2032 2816 2147 2868 Ope-

59 2895 149 2920 rum
170 2882 349 2934 Hugonis
368 2882 584 2930 Victorini,
603 2882 707 2922 libro
727 2886 858 2935 primo
874 2884 1243 2933 Miscellaneorum,
1266 2884 1388 2935 capite
1404 2892 1553 2920 octavo.
1580 2880 1844 2920 Verisimilius
1859 2890 1975 2928 esset,
1998 2896 2146 2934 anony-

7 2958 9 3007 ζ
58 2961 175 2986 11111111
201 2949 325 2986 istum
351 2962 434 2987 non
464 2948 589 2987 alium
621 2963 702 2988 esse
735 2950 784 2988 ab
810 2951 980 3003 Hugone
1005 2952 1184 2999 Farsito,
1211 2965 1332 3002 quem
1357 2948 1404 2986 de
1426 2947 1686 2985 Sacramentis
1700 2945 1893 2985 nonnulla
1918 2946 2028 2985 haud
2042 2957 2143 2986 recte

59 3015 221 3053 sensisse
237 3022 347 3066 patet
365 3029 413 3053 ex
427 3014 617 3053 Bernardi
633 3015 798 3067 epistola
812 3017 1012 3069 trigesima
1027 3019 1169 3068 quinta
1183 3047 1192 3064 ,
1215 3016 1265 3053 ad
1281 3016 1426 3066 ipsum.
1454 3032 1466 3044 α
1488 3012 1590 3061 Quia
1610 3012 1712 3050 inter
1728 3013 1872 3050 amicos
1896 3022 2030 3050 contra
2046 3014 2145 3051 veri-

65 3098 80 3114 »
104 3089 228 3119 tatem
257 3080 371 3118 nulla
395 3080 513 3120 debet
534 3096 614 3120 esse
634 3081 864 3120 meticulosa
882 3113 891 3130 ‚
924 3097 1016 3121 cum
1047 3084 1097 3121 sit
1119 3081 1336 3134 periculosa
1350 3109 1359 3126 ,
1379 3078 1553 3129 palpatio
1572 3096 1579 3125 ;
1604 3077 1678 3116 hoe
1697 3092 1760 3116 me
1775 3108 1784 3125 ‚
1804 3078 1944 3126 fateor,
1964 3080 2087 3116 movit
2107 3087 2145 3116 et

65 3163 80 3179 »
103 3154 238 3183 movet
254 3175 263 3192 ,
288 3145 399 3197 quod
416 3145 527 3184 illam
547 3147 650 3185 inter
678 3161 749 3185 nos
773 3148 855 3197 jam
888 3156 978 3186 ante
996 3147 1177 3185 habitam
1203 3146 1251 3184 de
1282 3144 1541 3182 Sacralnentis
1579 3142 1849 3190 collationem,
1881 3144 1919 3180 in
1954 3143 2144 3193 principio

64 3228 80 3243 υ
101 3209 275 3261 praedicti
307 3211 487 3262 opusculi
519 3211 728 3251 defendere
762 3221 801 3250 et
829 3221 1004 3252 astruere
1037 3213 1164 3251 conati
1195 3211 1296 3249 estis.
1330 3210 1376 3247 In
1407 3223 1486 3259 qua
1513 3209 1651 3259 utique
1681 3207 1884 3246 collatione
1901 3237 1909 3252 ,
1943 3209 1972 3244 51
2010 3216 2143 3244 vestrae

66 3294 80 3309 υ
101 3289 302 3313 summam
331 3277 530 3315 sententiae
547 3277 647 3316 bene
670 3278 929 3325 meministis,
953 3292 1004 3316 an
1023 3278 1150 3316 sensui
1173 3275 1377 3314 conveniat
1400 3273 1671 3320 ecclesiastico,
1699 3287 1765 3310 vos
1786 3272 1972 3309 videritis.
1997 3272 2142 3311 Vestrae

66 3358 81 3372 ι»
105 3349 239 3379 autem
265 3342 443 3393 ingenuae
462 3341 700 3381 humilitatis
731 3353 788 3382 est
814 3357 894 3381 11011
911 3343 1138 3382 erubescere
1163 3342 1327 3393 corrigi,
1348 3342 1376 3378 si
1398 3339 1495 3391 quid
1520 3338 1733 3389 aliquando
1759 3337 1870 3375 aliter
1897 3338 2090 3387 sapuistis.
2124 3356 2138 3371 »
