2517 3936
619 166 674 223 S.
741 166 1176 224 BERNARDI
1236 168 1601 227 ABBATIS

1029 366 1138 395 0051
1150 368 1205 396 ΚΑ.

168 546 552 629 QUAEDAM
620 547 1029 619 CAPITULA
1102 549 1516 621 ERRORUM
1594 550 2062 627 ABAELARDI

723 763 960 799 EPISTOLA
991 764 1087 801 CXC
1116 766 1209 802 SEU
1237 767 1526 804 TRACTATUS

486 943 576 989 AD
619 942 1134 991 INNOCENTIUM
1186 945 1234 990 II
1286 946 1746 996 PONTIFICEM.

443 1371 717 1407 PRAEFATIO.

78 1490 349 1529 Amantissimo
373 1490 472 1541 patri
499 1490 657 1527 domino
680 1494 918 1529 lxmam-10
939 1505 1090 1529 summo

131 1551 332 1596 Pontifici,
356 1551 472 1588 frater
493 1555 721 1589 BERNARDUS
749 1553 1000 1590 Clarae-Vallis
1021 1566 1090 1590 vo·

131 1619 237 1648 catus
257 1610 374 1649 abbas
387 1641 397 1658 ,
414 1611 607 1648 modicum
624 1611 663 1648 id
681 1612 787 1662 quod
807 1621 875 1649 est.

132 1735 298 1782 Oportet
315 1731 364 1769 ad
384 1740 554 1769 vestrum
582 1733 717 1770 referri
743 1734 998 1784 apostolatum
1021 1748 1092 1785 pe·-

82 1793 202 1830 ricula
221 1806 384 1842 quaeque
405 1801 443 1829 et
462 1792 640 1829 scandala
663 1794 896 1843 emergentia
915 1794 954 1831 in
974 1808 1092 1844 regno

81 1853 174 1899 Dei,
198 1866 242 1890 ea
259 1853 471 1903 praesertim
491 1867 576 1903 quae
598 1853 645 1890 de
666 1853 739 1891 fide
760 1856 999 1905 contingunt.
1028 1856 1094 1892 Di—

81 1927 198 1964 gnum
229 1927 394 1964 namque
425 1913 590 1951 arbitror
614 1913 667 1951 ibi
700 1915 941 1965 potissimum
972 1929 1095 1952 resar-

82 1974 152 2011 ciri
179 1974 321 2011 damna
347 1973 454 2020 fidei,
475 1973 542 2011 ubi
570 1987 648 2011 non
683 1975 803 2024 possit
834 1974 927 2011 fides
956 1976 1095 2012 sentire

82 2035 286 2072 defectum.
305 2038 397 2072 Haec
414 2035 559 2085 quippe
574 2033 688 2083 hujus
706 2036 960 2085 praerogativa
977 2036 1094 2073 Sedis.

82 2095 153 2134 Cui
175 2095 277 2133 enim
301 2094 412 2132 alteri
431 2095 638 2145 aliquando
659 2095 801 2132 dictum
823 2104 892 2142 est,
917 2099 1000 2146 Ego
1024 2111 1096 2145 pro

1097 1371 1148 1391 043

1161 1373 1279 1421 gistro
1307 1372 1545 1422 theologum,
1571 1375 1636 1424 qui
1657 1374 1704 1411 ab
1730 1376 1885 1414 ineunte
1908 1387 2016 1415 aetate
2036 1393 2103 1417 sua
2123 1382 2161 1417 in

1107 1435 1138 1468 A
1157 1441 1237 1470 arte
1265 1433 1460 1471 dialectica
1480 1435 1587 1481 lusit,
1609 1444 1645 1472 et
1666 1449 1767 1473 nunc
1792 1439 1830 1474 in
1853 1440 2056 1490 Scripturis
2078 1454 2163 1478 san-

1157 1494 1225 1530 ctis
1251 1494 1402 1531 insanit.
1422 1496 1521 1533 Olim
1551 1495 1727 1534 damnata
1751 1506 1787 1534 et
1815 1500 1936 1549 sopita
1966 1500 2161 1550 dogmata,

1157 1561 1232 1590 tam
1251 1567 1315 1591 sua
1336 1554 1524 1600 videlicet,
1545 1569 1657 1604 quam
1681 1557 1798 1593 aliena
1813 1587 1821 1602 ‚
1849 1559 2027 1596 suscitare
2050 1574 2158 1597 cona·

1159 1621 1233 1658 tur,
1257 1614 1411 1664 insuper
1440 1624 1476 1651 et
1498 1629 1598 1652 nova
1624 1616 1740 1653 addit.
1774 1619 1845 1665 Qui
1868 1618 1957 1655 dum
1987 1622 2159 1657 omnium

1158 1685 1242 1721 quae
1261 1683 1349 1710 sunt
1366 1674 1403 1710 in
1421 1675 1517 1711 coelo
1538 1688 1707 1721 sursum,
1724 1685 1760 1712 et
1780 1690 1863 1726 quae
1881 1678 1917 1714 in
1937 1687 2035 1715 terra
2051 1679 2162 1717 deor-

1159 1746 1261 1779 sum,
1285 1734 1395 1779 nihil,
1417 1743 1556 1784 praeter
1579 1736 1702 1772 solum
1725 1738 1904 1783 Nescio&
1928 1740 2072 1776 nescire
2103 1741 2163 1777 di-

1160 1802 1320 1843 gnatur3
1339 1796 1449 1844 ponit
1472 1796 1508 1831 in
1537 1796 1675 1832 coelum
1701 1810 1742 1833 os
1763 1810 1871 1834 sunm
1886 1827 1894 1843 ,
1917 1808 1953 1835 et
1977 1809 2165 1837 scrutatur

1161 1854 1237 1890 alta
1258 1855 1349 1900 Dei,
1367 1854 1596 1904 rediensque
1614 1855 1660 1891 ad
1679 1869 1747 1892 nos
1765 1857 1878 1893 refert
1899 1859 2014 1896 verba
2036 1861 2168 1897 ineffa-

1160 1913 1269 1959 bilia,
1286 1927 1371 1963 quae
1399 1927 1475 1950 non
1507 1915 1593 1951 licet
1617 1915 1761 1952 homini
1777 1916 1882 1966 loqui
1900 1932 1907 1954 :
1925 1927 1961 1954 et
1984 1919 2073 1955 dnm
2098 1934 2167 1970 pa-

1162 1982 1266 2011 ratus
1291 1983 1346 2011 est
1369 1974 1415 2011 de
1443 1974 1621 2012 omnibus
1645 1975 1804 2013 reddere
1826 1978 2034 2024 rationem,
2058 1981 2167 2016 etiam

1162 2047 1246 2084 quae
1270 2043 1359 2071 sunt
1387 2048 1502 2085 supra
1527 2036 1736 2082 rationem,
1759 2045 1798 2073 et
1823 2046 1956 2074 contra
1984 2040 2167 2076 rationem

1162 2096 1379 2145 praesumit,
1410 2104 1446 2131 et
1476 2103 1612 2132 contra
1641 2095 1766 2133 fidem.
1790 2098 1890 2145 Quid
1921 2099 2021 2135 enim
2054 2101 2169 2149 magis

82 2165 118 2192 te
137 2161 282 2206 rogavi,
297 2157 429 2202 Petre,
450 2165 489 2191 ut
506 2170 579 2191 non
601 2157 866 2204 deficiacfides
881 2161 976 2193 tua?
997 2159 1097 2206 Ergo
1116 2160 1142 2193 B
1165 2164 1300 2192 contra
1328 2156 1517 2192 rationem
1532 2184 1541 2201 ,
1564 2169 1678 2205 quam
1713 2157 1859 2194 ratione
1889 2159 2073 2196 rationem
2104 2173 2171 2196 co-

82 2215 188 2266 quod
207 2216 392 2266 sequitur,
416 2229 437 2252 a
461 2215 564 2253 Petri
584 2229 803 2253 successore
833 2216 998 2266 exigitur
1020 2231 1027 2253 :
1046 2219 1096 2252 Et

83 2285 123 2313 tu
147 2278 352 2325 aliquando
380 2290 572 2313 conversus
600 2277 783 2323 confirma
813 2274 951 2321 fratres
977 2283 1094 2313 tczos‘.

82 2336 127 2374 Id
154 2336 310 2387 quidem
337 2335 453 2373 modo
482 2336 751 2374 necessarium.
772 2340 938 2387 Tempus
967 2345 1023 2374 est
1054 2345 1097 2373 ut

80 2406 252 2435 vestrum
274 2398 505 2447 agnoscatis,
525 2401 636 2436 Pater
655 2398 928 2444 amantissime,
950 2398 1095 2448 princi-

82 2466 237 2508 patum3
255 2457 428 2509 probetis
447 2458 569 2495 zelum
582 2488 591 2505 ‚
609 2458 862 2495 ministerium
882 2458 1092 2494 honoretis.

83 2521 128 2555 In
148 2531 195 2555 eo
215 2519 327 2568 plane
347 2519 448 2556 Petri
468 2519 637 2570 impletis
656 2519 778 2556 vicem
793 2548 802 2565 ‚
823 2518 933 2568 cujus
957 2519 1093 2555 tenetis

83 2587 123 2615 et
147 2578 297 2623 sedem,
320 2578 351 2615 si
370 2586 496 2615 vestra
519 2578 781 2615 admonitione
809 2577 924 2615 corda
950 2578 989 2614 in
1020 2577 1094 2615 fide

83 2638 309 2676 fluctuantia
321 2639 553 2676 confirmatis
563 2668 572 2684 ‚
584 2639 613 2676 si
626 2647 753 2676 vestra
764 2638 988 2676 auctoritate
1002 2652 1095 2675 con-

86 2699 207 2736 teritis
227 2698 317 2735 fidei
337 2708 595 2750 corruptores.

493 2825 672 2864 CAPUT
699 2826 731 2864 Ι.

1163 2217 1246 2252 nari
1275 2216 1568 2253 transcendere?
1584 2220 1630 2254 Et
1650 2217 1743 2267 quid
1760 2219 1876 2267 magis
1893 2228 2023 2255 contra
2041 2219 2167 2266 fidem,

1164 2289 1278 2325 quam
1310 2276 1466 2313 credere
1497 2277 1622 2323 nolle,
1644 2277 1829 2327 quidquid
1862 2292 1938 2315 non
1965 2280 2083 2329 possit
2109 2292 2169 2315 ra-

1165 2337 1268 2373 tione
1289 2337 1501 2386 attingere?
1519 2337 1693 2387 Denique
1714 2351 1906 2388 exponere
1930 2339 2060 2375 volens
2075 2339 2167 2375 illud

1164 2397 1351 2447 Sapientis
1365 2404 1393 2443 ³,
1434 2399 1508 2444 Qui
1540 2400 1659 2434 credit
1687 2403 1779 2442 cito,
1817 2402 1902 2435 levis
1933 2409 1984 2434 est
2016 2402 2126 2435 corde
2141 2405 2164 2435 ².

1163 2475 1176 2490 «
1202 2458 1285 2496 Cito
1317 2458 1472 2495 credere
1504 2466 1580 2504 est,
1605 2476 1618 2491 »
1641 2459 1784 2508 inquit,
1814 2476 1827 2491 α
1849 2459 2026 2496 adhibere
2054 2460 2164 2495 fidem

1163 2535 1178 2550 2>
1201 2527 1288 2555 ante
1310 2519 1524 2555 rationem*
1547 2534 1554 2556 :
1578 2537 1592 2551 υ
1613 2533 1696 2555 cum
1721 2519 1792 2555 hoc
1815 2520 1991 2556 Salomon
2017 2532 2093 2555 non
2119 2519 2164 2554 de

1162 2579 1235 2616 fide
1258 2580 1296 2615 in
1318 2583 1459 2625 Deum,
1477 2579 1543 2616 sed
1568 2579 1613 2615 de
1637 2587 1770 2615 mutua
1794 2579 1892 2615 inter
1914 2592 1981 2614 nos
2006 2578 2165 2614 creduli-

1163 2648 1238 2675 tate
1258 2640 1447 2689 loquatur.
1465 2643 1558 2676 Nam
1575 2640 1675 2675 illam
1693 2652 1776 2687 quae
1791 2639 1828 2674 in
1844 2642 1965 2674 Deum
1981 2646 2035 2674 est
2050 2637 2161 2674 fidem

1162 2699 1296 2737 beatus
1313 2714 1411 2750 papa
1434 2700 1638 2749 Gregorius
1660 2707 1770 2747 negat
1791 2699 1902 2747 plane
1924 2697 2061 2734 habere
2082 2711 2162 2734 me-

1162 2763 1301 2808 ritum,
1325 2762 1355 2798 si
1379 2763 1411 2798 ei
1433 2762 1597 2797 humana
1618 2761 1712 2796 ratio
1735 2759 1899 2808 praebeat
1920 2760 2162 2809 experimen—-

1161 2831 1240 2859 tum
1267 2838 1274 2859 :
1298 2822 1425 2859 laudat
1453 2830 1576 2857 autem
1609 2820 1831 2870 Apostolos,
1850 2819 1953 2868 quod
1977 2819 2023 2855 ad
2049 2820 2161 2856 unius

1153 2883 1335 2932 jussionis
1351 2895 1482 2919 vocem
1501 2881 1617 2917 secuti
1638 2889 1725 2916 sunt
1740 2879 2036 2929 Redemptorcm
2048 2880 2073 2916 3.
2087 2880 2161 2918 Scit

83 2950 184 2993 Impia
199 2949 369 2982 Abaelardi
390 2950 429 2981 de
454 2955 561 2981 sancta
578 2949 732 2981 Trinitate
754 2949 901 2991 dogmata
926 2956 1086 2988 recenset,
1112 2954 1138 2990 C
1158 2944 1336 2980 nimirum
1352 2956 1423 2993 pro
1438 2941 1546 2978 laude
1567 2941 1710 2977 dictum
1723 2970 1732 2987 ‚
1750 2944 1795 2976 Ill
1813 2943 1941 2975 (ludim
1958 2945 2059 2975 auris
2075 2940 2159 2975 obe-

484 3009 515 3035 et
537 3003 688 3046 explodit.

141 3124 174 3161 l.
192 3123 389 3162 Habemus
408 3125 446 3161 in
467 3125 626 3163 Francia
641 3138 786 3162 novum
807 3125 854 3161 de
870 3126 990 3162 veteri
1014 3139 1093 3162 ma-

135 3271 145 3287 ¹
170 3268 247 3297 Luc.
269 3277 346 3296 xxn
359 3290 367 3302 ,
393 3269 449 3298 32.
467 3286 511 3290 —
528 3272 540 3289 ³
555 3267 650 3299 Eccli.
664 3279 745 3307 xrx,
768 3270 798 3300 4.
819 3287 864 3291 —
877 3265 891 3288 3
906 3267 1045 3299 Homilia
1069 3269 1110 3297 26
1134 3265 1166 3296 in
1188 3267 1305 3304 Evang.
1324 3280 1368 3284 —-
1394 3262 1407 3288 4
1426 3260 1506 3292 Psal.
1524 3273 1617 3298 xvir,
1647 3263 1699 3291 43.
1717 3279 1758 3282 —
1785 3257 1797 3279 5

131 3327 143 3341 ³
163 3324 250 3356 Alias
260 3349 268 3360 ‚
285 3324 479 3357 Salomonis.

242 3396 333 3420 TOM.
364 3398 408 3421 11.

1161 3007 1252 3039 (livit
1281 3003 1422 3047 mllzi⁴';
1448 3003 1664 3050 increpatos
1692 3013 1712 3036 e
1747 3001 1900 3050 regione
1931 3000 2156 3049 discipulos,

1160 3063 1264 3114 quod
1296 3062 1436 3098 tardius
1463 3059 1747 3097 credidissem?
1781 3061 1954 3110 Denique
1985 3060 2159 3096 laudatur

1160 3123 1297 3168 Maria,
1325 3121 1428 3171 quod
1453 3121 1640 3158 rationem
1663 3121 1737 3157 fide
1758 3121 1962 3171 praevenit;
1986 3128 2022 3155 et
2039 3119 2154 3168 puni-

1823 3261 1920 3289 )Iffl'c.
1940 3268 1995 3286 xvt
2009 3281 2016 3291 ,
2049 3260 2054 3286 1
2069 3258 2096 3286 4.

1947 3374 1964 3408 l!
1974 3387 1995 3406 ›
