2517 3936
69 171 166 208 1245

746 174 1000 210 APOLOGIA
1029 177 1096 211 AD
1125 178 1468 217 GUlLLELMUM.

2041 195 2137 234 1246

65 258 137 286 tur.
155 248 261 286 Sicut
277 245 380 284 enim
402 260 479 284 non
497 246 584 284 licet
602 248 659 284 his
672 277 682 294 ‚
702 249 769 297 qui
791 249 913 298 majus
928 250 1124 298 aliquid³⁴⁰
1142 262 1247 299 sunt,
1270 254 1359 290 ‹luui
1375 269 1395 291 a
1413 256 1519 293 xobis
1534 259 1579 294 ad
1598 274 1664 297 uos
1677 292 1685 307 ‚
1708 278 1725 298 a
1749 266 1856 302 nobis
1873 269 1916 304 ad
1940 284 2004 306 vos
2027 273 2141 310 insta-

64 310 162 346 forte
193 315 407 353 voverunt,
431 306 479 343 ad
503 306 542 342 id
567 307 671 356 quod
697 307 824 345 minus
843 317 900 344 est
923 308 1077 345 descen·
1097 322 1129 355 Α
1144 311 1210 347 bili
1235 313 1386 349 levitate
1408 318 1667 366 pervolantes,
1690 331 1725 357 et
1751 324 1877 372 uobis,
1900 337 1935 364 et
1956 331 2083 377 vobis,
2105 342 2142 368 et

64 368 174 413 dere,
200 379 248 403 ne
268 373 536 416 apostatentur
556 380 569 402 :⁷
587 366 640 402 sic
665 379 743 402 non
765 366 944 404 omnibus
963 380 1077 418 expe-

64 427 119 465 dit
140 427 187 464 de
211 425 324 463 bonis
348 423 564 461 minoribus
585 424 633 461 ad
653 424 800 474 majora
825 427 985 463 transire
1000 456 1009 473 ,
1027 440 1075 464 ne

62 486 364 539 praecipitentur.

59 587 68 597 ⁸
117 547 180 586 31.
209 547 294 586 Scio
312 546 456 596 quippe
470 544 679 581 nonnullos
696 544 742 581 de
762 544 844 581 aliis
861 553 899 581 et
918 558 1076 595 congre-

63 606 300 660 gationibus,
331 614 368 643 et
392 604 719 651 institutionibus,
742 604 789 641 ad
812 614 986 642 nostrum
1008 610 1076 643 Or-

66 668 196 706 dinem
214 667 457 718 pervolasse,
481 666 650 716 pulsasse
667 695 676 711 ,
697 665 858 702 intrasse
883 681 890 702 :
914 666 980 715 qui
1003 666 1077 703 hoc

64 727 220 780 quidem
249 727 419 778 agendo,
446 735 483 764 et
507 726 583 764 suis
611 726 787 776 scandala
816 727 1075 776 reliquerunt,

64 798 103 828 et
133 788 246 827 nobis
278 788 528 827 nihilominus
560 788 790 834 attulerunt,
831 787 923 824 dum
962 801 1081 837 quan-

64 859 146 889 tum
181 851 267 888 illos
302 863 370 887 sua
407 849 607 887 temeraria
643 848 895 894 discessione,
931 856 1080 884 tanturn

62 923 135 949 nos
167 909 375 948 turbarunt
409 922 478 947 sua
512 909 651 946 misera
687 907 997 946 conversatione.
1033 910 1081 944 Et

63 970 245 1022 quoniam
276 968 443 1020 superbe
476 976 708 1019 spreverunt
737 967 844 1018 quod
874 966 1076 1013 tenebant,

1143 371 1322 409 omnibus
1350 373 1462 412 bonis
1493 379 1708 416 scandalum
1738 384 1887 422 sariunt.
1916 393 2139 439 Quanquam

1143 445 1235 481 ergo
1261 435 1471 471 nonnullos
1494 449 1625 473 eorum
1655 443 1891 490 noverimus,
1919 449 1982 495 qui
2004 459 2039 485 et
2061 452 2140 487 sor-

1144 492 1230 528 titer
1248 496 1331 530 Deo
1352 503 1506 532 auctore
1530 509 1748 547 coeperunt,
1768 511 1804 537 et
1827 504 1906 552 ipso
1926 517 2141 555 protectore

1144 552 1280 589 fortius
1300 564 1567 603 perseverant3
1592 560 1760 596 securius
1783 570 1837 597 est
1858 571 1979 601 tamen
2007 577 2045 603 ut
2060 582 2144 617 per-

1142 624 1359 649 severemus
1373 613 1411 649 in
1430 613 1533 651 bono
1555 617 1658 665 quod
1680 620 1882 669 coepimus,
1903 636 2015 671 quani
2038 626 2143 674 quod

1142 671 1370 720 incipiamus
1388 672 1454 710 ubi
1480 687 1557 711 non
1585 690 1889 727 perseveremus3
1918 691 1954 718 ct
1978 683 2049 720 hoc
2076 698 2148 733 pa—

1143 730 1236 767 riter
1265 745 1398 770 omnes
1423 734 1640 772 studeamus
1659 766 1668 782 ,
1702 752 1778 787 quo
1810 742 2017 778 secundum
2044 749 2145 794 Apo-

1148 790 1235 826 stoli
1255 792 1455 829 consilium
1477 800 1603 831 omnia
1621 807 1746 834 nostra
1762 804 1799 835 ιή
1817 802 2105 850 clmritateficmc
2120 812 2143 841 ¹.

1147 852 1236 886 Haec
1262 859 1319 887 est
1346 862 1476 890 nostra
1498 854 1544 891 de
1565 865 1716 904 nostro,
1737 868 1774 895 et
1794 860 1839 897 (le
1864 871 1990 899 vestro
2008 864 2148 902 Ordine

1150 912 1362 958 sententia3
1386 913 1466 950 haec
1493 917 1632 954 nostris
1660 927 1697 955 et
1726 921 1876 968 vestris,
1899 922 1977 959 haec
1998 936 2076 960 non
2103 925 2149 962 de

1146 968 1277 1017 vobis,
1305 971 1371 1008 sed
1390 973 1500 1011 vobis
1521 989 1580 1013 me
1603 978 1723 1016 solere
1752 980 1875 1018 dicere
1891 1011 1900 1028 ,
1923 984 2050 1021 nullus
2067 998 2149 1021 me-

64 1040 104 1070 et
129 1040 272 1069 temere
299 1038 633 1082 praesumpserunt
653 1029 759 1080 quod
780 1043 858 1066 non
878 1028 1078 1076 valebant;
1096 1035 1125 1069 Β
1146 1030 1218 1067 lius
1234 1032 1325 1069 mihi
1346 1035 1448 1072 testis
1465 1037 1535 1073 erit
1552 1051 1665 1087 quam
1686 1053 1754 1077 vos
1770 1070 1778 1087 ,
1793 1050 1829 1077 et
1848 1043 1877 1078 si
1894 1044 1976 1092 quis
1997 1057 2056 1081 me
2076 1059 2150 1081 no-

64 1092 181 1143 digno
199 1096 304 1131 Deus
323 1091 429 1129 exitu
448 1104 583 1129 eorum
601 1090 756 1128 tandem
775 1090 956 1141 patefecit
974 1090 1079 1140 igna-

63 1152 166 1190 viam
194 1167 204 1190 2
232 1152 322 1202 quia
349 1160 388 1189 et
413 1151 661 1203 impudenter
689 1151 945 1188 deseruerunt
974 1149 1079 1200 quod

65 1213 332 1264 imprudenter
353 1213 617 1265 arripuerant,
637 1221 676 1250 et
694 1212 861 1264 turpiter
881 1210 1080 1249 redierunt

65 1273 115 1311 ad
132 1273 173 1311 id
191 1273 298 1324 quod
317 1273 452 1311 leviter
472 1273 733 1311 deseruerant.
752 1275 848 1311 Cum
863 1272 964 1310 enim
980 1272 1081 1309 clau-

65 1341 144 1371 stra
157 1341 290 1371 nostra
305 1333 363 1370 sui
376 1333 505 1384 potius
521 1332 677 1372 Ordinis
690 1332 930 1384 impatientia
941 1362 951 1380 ,
964 1345 1080 1382 quarn

65 1393 256 1432 desiderio
295 1394 417 1431 nostri
451 1394 683 1445 expetierint
694 1408 704 1441 3
734 1392 943 1431 ostendunt
975 1393 1081 1443 quod

118 1541 127 1556 ¹
151 1539 168 1567 I
185 1537 258 1568 Cor.
274 1547 352 1576 xvx,
378 1538 430 1567 14.

1147 1090 1202 1127 vit
1232 1091 1332 1129 sicut
1361 1107 1442 1132 vos.
1463 1099 1555 1145 Quae
1586 1099 1624 1135 in
1654 1101 1789 1138 vestris
1814 1102 2016 1140 laudabilia
2037 1115 2148 1153 sunt,

1145 1151 1260 1189 laudo
1281 1162 1318 1190 et
1336 1156 1503 1204 praedico
1527 1173 1535 1194 ε
1557 1159 1587 1195 si
1604 1173 1688 1208 quae
1708 1163 2021 1211 reprehendenda
2042 1174 2148 1213 sunt,

1145 1221 1189 1250 ut
1217 1216 1490 1265 emendentur,
1511 1219 1620 1257 vobis
1640 1230 1676 1258 et
1698 1223 1777 1259 aliis
1805 1224 1932 1260 amicis
1953 1226 2043 1262 meis
2065 1240 2151 1263 sua—

1148 1273 1237 1311 dere
1264 1275 1378 1329 soleo.
1408 1281 1490 1315 Hoc
1520 1292 1597 1315 non
1625 1289 1681 1317 est
1712 1282 1916 1330 detractio,
1947 1284 2012 1321 sed
2040 1294 2150 1322 attra-

1149 1334 1237 1372 ctio.
1251 1337 1364 1384 Quod
1379 1346 1422 1375 ut
1437 1339 1547 1377 nobis
1564 1353 1584 1377 a
1598 1340 1706 1378 vobis
1723 1356 1871 1393 semper
1889 1344 1951 1380 fiat
1963 1374 1973 1391 ,
1994 1345 2151 1382 omnino

1151 1408 1289 1445 precor
1311 1406 1348 1434 et
1369 1400 1553 1450 supplico.
1576 1401 1715 1439 Valete.

676 2253 802 2290 FINIS
830 2253 1098 2292 APOLOGIAE
1126 2257 1194 2292 AD
1224 2256 1572 2293 GL'ILLELML'M.
