2517 3920
306 167 399 203 1491

298 244 390 280 tium
417 244 487 282 sibi
514 245 561 282 de
590 246 676 283 filiis
706 248 783 285 suis
815 260 1048 288 conventum
1082 253 1313 302 regularium

1074 176 1109 211 S.
1142 176 1397 211 BERNARDI
1426 178 1629 214 ABBATIS

1322 249 1371 268 67²

2297 184 2395 220 1492

1386 252 1480 289 tioni
1499 254 1672 303 patroni,
1690 262 1827 291 utnon
1854 255 2048 293 desoletur
2071 258 2195 295 omnis
2220 267 2339 306 terra,
2365 260 2397 297 si

297 305 537 343 clericorum.
562 310 607 344 Et
624 321 711 345 ecce
733 323 862 347 rursus
879 312 1103 362 accingitur,
1119 314 1227 363 quasi
1244 326 1316 350 no·
1331 312 1365 346 A
1384 312 1534 350 duabus
1555 313 1668 351 tantis
1687 314 1875 352 columnis
1896 315 1967 352 sub
1988 330 2065 353 uno
2085 327 2281 355 momento
2303 327 2398 356 tem-

296 379 366 402 vus
383 366 521 403 Christi
543 368 615 405 tiro
629 398 638 415 ‚
660 369 708 406 ad
726 371 923 421 spirituale
947 382 1161 420 certamen3
1186 387 1316 411 rursus

297 426 471 463 induitur
497 442 602 466 arma
630 432 799 480 potentia
822 436 923 480 Deo,
941 442 1078 471 sanctae
1107 444 1315 485 pauperta-

299 487 345 523 tis
363 487 631 537 humilitatem,
654 492 819 542 rigorem
842 494 1054 545 discipliuae
1074 495 1311 542 coenobialis,

297 546 417 583 otium
439 551 748 601 contemplandi,
770 553 905 590 orandi
922 554 1179 592 assiduitatem
1202 571 1209 592 :
1230 570 1315 606 quae

298 614 424 645 tamen
461 611 590 647 onmia
621 621 712 649 voto
755 614 872 663 magis
908 614 1025 651 valuit
1060 615 1123 651 diu
1160 624 1314 662 tenere,

299 681 414 717 quam
451 679 549 708 actu.
590 673 740 709 Etenim
779 675 948 711 universi
985 675 1232 713 confluebant
1269 676 1317 713 ad

301 742 387 765 eum
410 743 511 767 :nec
540 732 656 769 modo
687 733 916 781 mediocres,
945 735 1011 772 sed
1041 744 1079 772 et
1112 736 1260 773 nobiles
1281 745 1319 773 et

298 798 495 840 potentes,
533 793 632 829 illius
662 807 701 830 se
733 795 928 844 sapientiae
965 804 1002 832 ct
1032 798 1221 835 sanctitati
1254 798 1317 834 in-

298 852 502 889 struendos
516 881 525 898 ,
545 854 796 903 corrigendos
810 869 851 892 ac
869 857 1058 905 regendos
1076 858 1317 895 committere

298 911 536 949 festinabant.
556 916 601 950 Et
620 914 700 963 ipse
718 915 909 952 interdum
929 916 1031 964 ibat,
1058 926 1096 965 et
1113 918 1242 955 exibat
1259 932 1318 956 se-

298 971 442 1007 minare
471 985 600 1009 semen
632 987 768 1022 suum,
800 975 1010 1026 disponens
1040 985 1078 1014 et
1107 977 1319 1017 decernens

1382 373 1489 423 poris
1511 373 1751 410 destituatur.
1770 377 1872 425 Ergo
1890 388 2024 413 omnes
2041 377 2183 427 pariter
2200 379 2398 416 contradi-

1383 442 1486 470 cunt.
1519 437 1567 470 Et
1595 434 1671 471 vim
1706 433 1920 481 faciebant,
1952 447 2039 472 cum
2066 437 2129 474 ille
2150 437 2317 476 divinam
2339 439 2400 476 ul-

1382 493 1526 530 tionem
1558 494 1722 531 minatus
1751 503 1818 531 est.
1843 498 1928 532 'Non
1956 504 2082 533 tamen
2113 496 2292 536 destitere
2323 500 2398 546 illi,

1381 554 1452 591 nisi
1473 554 1585 591 missa
1606 563 1707 591 sorte
1721 584 1731 601 ,
1755 554 1863 605 prius
1883 555 1952 592 Dei
1973 556 2151 594 voluntas
2182 571 2298 608 super
2325 559 2401 596 hoc

1385 615 1698 665 interrogaretur.
1743 614 1977 653 Prohibente
2017 617 2114 664 illo,
2150 618 2401 658 nihilominus

1385 675 1543 711 mittunt
1569 690 1577 711 :
1610 674 1675 712 sed
1705 675 1769 712 illa
1798 689 1870 726 pro
1900 676 2094 714 Malachiae
2114 686 2223 727 parte
2255 687 2312 716 ter
2338 693 2401 716 re-

1385 735 1585 786 spondisse
1614 736 1772 772 inventa
1799 744 1867 773 est.
1890 739 1968 773 Nec
1988 736 2090 773 enim
2120 751 2197 775 una
2229 739 2401 776 contenti

1385 796 1467 832 vice
1495 796 1627 843 fuere,
1654 795 1783 846 cupidi
1802 796 1992 833 retinendi
2014 810 2116 835 eum.
2146 801 2312 836 Demum
2339 813 2402 836 ce-

1383 855 1531 902 dentes,
1548 855 1889 901 dimittuntillum,
1908 869 1987 892 non
2016 864 2142 894 tamen
2164 858 2246 895 sine
2269 859 2402 909 plora-

1386 925 1425 952 tu
1444 924 1482 952 et
1502 916 1651 952 ululatu
1681 915 1815 952 multo.
1848 915 1922 953 Sed
1942 929 1990 952 ne
2019 917 2113 966 quid
2134 918 2402 968 imperfectum

1385 977 1645 1026 relinqueret,
1675 984 1836 1012 tractare
1855 977 1991 1026 coepit,
2010 978 2209 1027 quomodo
2232 979 2404 1017 defuncti

296 1038 372 1067 tota
387 1033 614 1070 auctoritate
631 1034 678 1071 de
696 1034 809 1073 rebus
827 1037 1090 1075 ecclesiasticis
1103 1068 1113 1086 ,
1137 1047 1315 1089 tanquam
1338 1045 1366 1079 Β
1386 1038 1512 1074 fratris
1535 1051 1665 1074 semen
1689 1037 1899 1074 suscitaret.
1929 1041 1976 1075 Et
1993 1039 2183 1076 accersitis
2200 1039 2247 1077 ad
2274 1053 2313 1078 se
2337 1041 2404 1078 tri-

297 1104 344 1127 ex
360 1094 555 1141 Apostolis
570 1109 681 1133 unus.
700 1100 747 1134 Et
760 1110 874 1134 nemo
898 1098 953 1135 illi
979 1098 1148 1147 dicebat,
1173 1104 1217 1137 In
1243 1115 1319 1151 qua

295 1160 484 1200 potestate
505 1154 585 1192 haec
608 1157 721 1194 facis?
743 1158 966 1196 videntibus
990 1161 1138 1198 cunctis
1157 1161 1264 1211 signa
1281 1171 1319 1199 et

296 1212 489 1263 prodigia,
512 1230 598 1265 quae
620 1217 801 1267 faciebat3
823 1228 860 1256 et
877 1220 965 1271 quia
983 1219 1048 1257 ubi
1068 1221 1224 1272 spiritus
1242 1226 1319 1260 Do-

299 1272 415 1320 mini,
438 1274 490 1312 ibi
511 1276 665 1316 libertas
683 1286 708 1316 ¹.

663 1407 841 1448 CAPUT
870 1409 962 1450 XV.

296 1518 430 1549 Romam
443 1520 599 1562 proficisci
613 1522 785 1564 deliberat,
800 1524 932 1567 pallium
949 1536 966 1556 a
983 1525 1135 1560 Pontifice
1155 1527 1320 1570 petiturus.

354 1640 417 1676 33.
437 1641 566 1679 Visum
588 1651 713 1682 tamen
735 1645 833 1692 sibi,
859 1660 937 1684 non
958 1656 1038 1694 tute
1059 1648 1148 1686 satis
1174 1649 1321 1687 actitari

301 1698 371 1735 ista
390 1699 534 1751 absque
555 1704 661 1742 Sedis
678 1707 899 1756 apostolicae
917 1709 1146 1747 auctoritate
1159 1740 1168 1757 ,
1188 1719 1224 1747 ct
1242 1714 1321 1748 Ro-

303 1772 401 1797 mam
440 1764 631 1812 proficisci
672 1766 858 1804 deliberat
895 1784 902 1806 :
939 1770 1181 1821 maximeque
1216 1771 1320 1821 quod

1385 1097 1457 1135 bus
1485 1098 1684 1148 discipulis
1703 1098 1803 1144 suis,
1825 1098 1962 1135 anxius
1994 1098 2203 1146 aestuabat,
2227 1101 2402 1150 quisnam

1386 1158 1539 1208 dignior
1563 1158 1610 1195 ad
1629 1158 1701 1194 hoc
1725 1171 1824 1208 opus
1839 1187 1849 1205 ,
1871 1157 1950 1195 sive
1967 1159 2098 1196 utilior
2126 1160 2334 1198 videretur.
2356 1165 2405 1198 Et

1386 1218 1588 1268 diligenter
1606 1218 1768 1255 intuitus
1789 1218 1959 1268 singulos
1979 1233 1987 1256 ε
2007 1236 2022 1253 α
2049 1223 2127 1268 Tu,
2147 1238 2161 1254 υ
2184 1221 2329 1272 inquit,
2348 1240 2362 1255 «
2382 1236 2405 1259 o

1386 1297 1401 1313 »
1426 1279 1559 1316 Edane
1579 1297 1592 1313 »a
1613 1278 1682 1330 (sic
1705 1279 1807 1315 enim
1838 1278 2051 1316 vocabatur
2070 1279 2205 1332 unus),
2223 1282 2404 1332 «suscipe

1385 1360 1400 1375 υ
1421 1354 1531 1378 onus.
1549 1341 1648 1378 »Illo
1666 1348 1870 1377 cunctante
1883 1368 1893 1386 ,
1908 1348 1946 1376 et
1958 1340 2093 1378 flente:
2109 1358 2123 1373 «
2139 1345 2195 1380 Ne
2219 1342 2370 1389 timeas,
2388 1361 2403 1378 »

1385 1402 1449 1440 ait.
1479 1420 1492 1434 «
1515 1405 1572 1439 Tu
1599 1401 1701 1438 enim
1730 1399 1824 1437 mihi
1857 1412 1878 1436 a
1899 1400 2067 1438 Domino
2094 1401 2313 1452 designatus
2341 1416 2403 1451 es,

1388 1481 1402 1496 »
1425 1463 1516 1513 quia
1535 1462 1720 1499 annulum
1741 1474 1922 1509 aureum,
1944 1475 2022 1511 quo
2039 1461 2333 1513 desponsandus
2351 1476 2404 1511 es,

1387 1541 1403 1557 ‚2
1431 1523 1509 1574 jam
1533 1536 1637 1560 nunc
1657 1521 1819 1572 praevidi
1842 1522 1882 1558 in
1914 1521 2034 1572 digito
2057 1531 2136 1561 tuo,
2163 1541 2178 1557 >1
2200 1525 2409 1574 Acquievit

1387 1584 1471 1631 ille,
1502 1593 1540 1621 et
1559 1583 1783 1631 Malacliias‚
1806 1596 1852 1620 eo
1873 1592 2098 1620 consecrato
2112 1613 2122 1631 ,
2137 1585 2406 1634 proficiscitur.

1443 1646 1505 1682 35.
1530 1648 1702 1694 Cumque
1726 1657 1901 1693 egressus
1923 1643 1970 1680 de
1989 1645 2116 1681 Scotia
2131 1672 2141 1691 ‚
2169 1647 2408 1695 pervenisset

1388 1705 1605 1743 Eboracum
1621 1734 1630 1752 ‚
1654 1703 1831 1741 sacerdos
1850 1703 2005 1754 quidam
2018 1733 2029 1751 ‚
2049 1708 2213 1754 Sycarus
2229 1707 2406 1754 nomine,

1388 1767 1548 1804 intuitus
1584 1779 1670 1803 eum
1704 1765 1873 1814 agnovit.
1906 1768 1982 1802 Nec
2013 1765 2114 1802 enim
2154 1766 2287 1803 faciem
2322 1766 2405 1816 ejus

301 1824 563 1873 metropolicae
585 1826 664 1863 sedi
694 1828 823 1865 deerat
844 1829 969 1867 adhuc
985 1859 994 1876 ,
1019 1839 1055 1867 et
1077 1831 1249 1868 defuerat
1270 1831 1317 1869 ab
1339 1831 1365 1867 C
1388 1827 1534 1864 viderat
1550 1835 1661 1863 ante:
1678 1825 1743 1862 sed
1759 1839 1844 1862 cum
1862 1824 2021 1861 liaberet
2037 1826 2213 1875 spiritum
2231 1828 2405 1878 proplie-

301 1880 410 1918 initio
426 1885 529 1933 pallii
547 1900 652 1933 usus,
673 1888 777 1937 quod
794 1898 849 1926 est
866 1891 1066 1940 plenitudo
1083 1892 1254 1930 honoris.
1274 1897 1318 1930 Et

300 1941 422 1979 visum
455 1954 510 1981 est
536 1945 682 1984 honum
710 1950 748 1986 in
779 1951 899 1988 oculis
927 1951 1034 2001 ejus,
1071 1953 1100 1989 si
1127 1954 1318 2001 Ecclesia,

296 2015 367 2051 pro
387 2017 462 2053 qua
484 2014 628 2044 tantum
655 2008 868 2057 laborarat,
897 2026 1012 2061 quem
1034 2013 1220 2050 haetenus
1241 2027 1319 2050 non

296 2062 500 2114 habuerat,
523 2081 592 2105 suo
613 2072 829 2120 acquireret
851 2073 978 2109 studio
1001 2082 1038 2110 et
1059 2074 1203 2112 labore.
1230 2079 1320 2113 Erat

297 2132 334 2160 et
351 2126 467 2163 altera
487 2131 736 2180 metropolica
757 2132 883 2180 sedes,
906 2148 1019 2183 quam
1041 2135 1088 2172 de
1106 2149 1210 2173 novo
1226 2150 1320 2173 con-

300 2186 474 2225 stituerat
492 2191 620 2228 Celsus
639 2222 647 2238 ,
666 2193 799 2242 primae
818 2202 943 2231 tamen
962 2195 1064 2243 sedi,
1083 2205 1121 2233 ct
1141 2197 1242 2234 illius
1259 2211 1321 2234 ar-

301 2245 546 2301 chiepiscopo
570 2252 723 2291 subdita
738 2284 747 2301 ,
772 2263 950 2305 tanquam
974 2258 1141 2307 primati.
1164 2254 1211 2295 Et
1231 2258 1321 2295 huic

300 2320 455 2358 quoque
473 2312 631 2361 optabat
656 2315 907 2354 nihilomiuus
927 2319 1082 2368 pallium
1102 2319 1318 2365 MalacliiaS,

299 2370 595 2422 confirmarique
613 2377 840 2414 auctoritate
859 2378 964 2416 Sedis
988 2380 1208 2430 apostolicae
1226 2394 1320 2431 prae-

302 2430 539 2478 rogativam,
575 2448 689 2484 quam
723 2436 911 2476 beneficio
941 2440 1039 2477 Celsi
1061 2441 1221 2491 adipisci
1242 2455 1322 2478 me—

302 2500 441 2528 ruerat.
460 2496 728 2534 Innotescente
744 2500 947 2549 proposito
961 2530 970 2547 ,
987 2500 1183 2551 displicuit
1197 2502 1321 2538 fratri-

303 2550 395 2598 bus,
420 2567 571 2592 necnon
603 2566 640 2594 et
673 2560 912 2609 magnatibus
943 2571 981 2599 et
1013 2564 1161 2614 populo
1196 2572 1318 2601 terrae.

1388 1888 1448 1924 tiae
1464 1917 1473 1934 ,
1498 1888 1709 1924 rex‘clatum
1731 1886 1854 1922 fuerat
1874 1886 1909 1922 ei
1926 1885 2160 1936 jampridem
2188 1888 2235 1925 (16
2255 1889 2334 1926 illo.
2358 1892 2406 1926 Et

1388 1963 1491 1986 nunc
1518 1950 1787 1986 incunctanter
1813 1948 2149 1986 circumstantibus
2176 1949 2296 2000 digito
2316 1963 2403 1987 eum

1388 2009 1657 2047 demonstrans
1679 2024 1686 2045 :
1708 2026 1722 2041 «
1742 2010 1813 2046 Hic
1830 2017 1899 2055 est,
1924 2027 1937 2042 »
1958 2009 2097 2059 inquit,
2115 2027 2130 2042 «
2147 2010 2194 2048 de
2211 2025 2288 2061 quo
2305 2011 2406 2048 dixe·

1387 2090 1402 2105 >2
1425 2086 1526 2119 ram,
1546 2072 1635 2122 quia
1656 2071 1703 2108 de
1728 2070 1915 2108 Hibernia
1942 2080 2094 2108 sanctus
2112 2073 2243 2110 veniet
2270 2073 2403 2124 ponti-

1387 2151 1401 2166 »
1425 2133 1505 2180 fex,
1528 2133 1594 2183 qui
1620 2133 1689 2170 scit
1712 2132 1963 2182 cogitationes
1978 2133 2192 2171 hominum.
2213 2152 2228 2167 »
2245 2135 2305 2172 Sic
2324 2148 2403 2171 non

1387 2195 1515 2245 potuit
1536 2195 1652 2232 latere
1670 2195 1826 2231 lucerna
1843 2193 1914 2230 sub
1935 2194 2066 2231 modio
2079 2224 2090 2242 ,
2107 2193 2298 2245 prodente
2321 2208 2404 2232 eam

1388 2269 1458 2307 per
1479 2269 1520 2293 os
1541 2256 1673 2306 Sycari
1696 2256 1841 2305 Spiritu
1861 2264 1993 2292 sancto
2014 2256 2081 2307 qui
2099 2256 2202 2293 illam
2222 2256 2408 2293 accende-

1389 2325 1459 2353 rat.
1479 2321 1573 2354 Nam
1600 2325 1638 2354 et
1655 2317 1774 2353 multa
1796 2325 1940 2354 secreta
1956 2317 2003 2354 (16
2017 2331 2098 2355 esse
2115 2331 2203 2365 suo,
2221 2331 2405 2355 suorum-

1389 2392 1464 2428 que
1489 2379 1590 2415 dicta
1621 2386 1711 2415 sunt
1737 2378 1769 2415 ei
1800 2392 1820 2414 a
1839 2381 2005 2428 Sycaro,
2037 2392 2122 2429 quae
2151 2379 2204 2416 ita
2231 2392 2313 2416 esse
2343 2379 2405 2415 vel

1391 2440 1504 2477 fuisse
1521 2440 1650 2477 omnia
1677 2441 1914 2490 recognovit.
1934 2440 2007 2477 Sed
2024 2449 2062 2477 et
2081 2440 2193 2477 sociis
2209 2440 2404 2478 Malachiae

1391 2500 1710 2551 percontantibus
1742 2501 1788 2538 de
1810 2514 1880 2538 suo
1901 2500 2044 2548 reditu,
2067 2500 2266 2551 respondit
2287 2503 2405 2550 Syca-

1389 2574 1453 2598 rus
1481 2562 1746 2598 incunctanter
1765 2561 1884 2613 (quod
1902 2569 1989 2612 post
2010 2562 2064 2598 rei
2093 2560 2274 2612 probavit
2291 2574 2405 2598 even-

300 2615 440 2651 Omnes
461 2618 562 2654 enim
593 2619 875 2659 intolerabilem
896 2622 966 2659 sibi
995 2622 1222 2673 judicabant
1244 2634 1319 2662 tam
1337 2626 1370 2659 D
1390 2623 1487 2674 tus),
1506 2636 1647 2673 paucos
1664 2622 1842 2659 videlicet
1859 2615 2067 2659 admodum
2090 2622 2137 2659 de
2157 2635 2320 2659 numero
2337 2622 2405 2658 illo

300 2672 484 2713 diutinam
519 2680 692 2717 omnium
725 2682 778 2732 pii
810 2683 981 2732 parentis
1014 2684 1251 2733 absentiam,
1284 2694 1322 2723 et

298 2736 402 2783 quod
427 2747 641 2778 metuerent
661 2741 708 2778 de
730 2752 854 2781 morte
875 2745 1004 2795 ipsius.

353 2796 415 2832 34.
443 2800 609 2850 Contigit
640 2801 786 2840 interea
817 2806 915 2841 mori
950 2819 1175 2855 germanum
1209 2806 1315 2857 ejus,

300 2854 554 2896 Christianum
589 2863 765 2911 nomine,
797 2866 922 2903 virum
953 2866 1126 2914 bonum,
1159 2869 1316 2918 plenum

297 2916 427 2964 gratiae
461 2926 497 2954 ct
527 2921 688 2960 virtutis.
713 2925 929 2977 Episcopus
950 2936 1060 2973 erat,
1086 2928 1139 2965 illi
1161 2929 1318 2979 quidem

298 2978 487 3015 secundus
510 2980 547 3016 in
570 2983 710 3021 celebri
743 2987 948 3036 opinione,
971 2989 1037 3025 sed
1068 2991 1155 3027 vitae
1175 2992 1317 3028 sancti—

298 3039 427 3076 monia
448 3048 485 3076 et
507 3040 665 3089 justitiae
686 3046 767 3082 zelo
796 3048 894 3085 forte
923 3063 1001 3086 non
1031 3051 1168 3102 impar.
1191 3051 1317 3102 Hujus

297 3097 473 3137 decessus
491 3103 608 3152 magis
630 3106 766 3141 terruit
790 3108 991 3146 universos
1007 3140 1016 3157 ,
1039 3121 1077 3148 et
1108 3112 1315 3150 discessum

298 3160 494 3198 Malachiae
524 3163 692 3201 reddidit
726 3167 999 3207 molestiorem.
1030 3171 1218 3210 Dicebant
1250 3187 1317 3211 au-

296 3228 371 3257 tem
396 3223 501 3260 nullo
525 3225 641 3262 modo
663 3228 946 3266 assentiendum
970 3231 1068 3268 unici
1094 3235 1316 3283 peregrina—

340 3355 346 3369 ¹
370 3353 397 3380 lt
417 3352 488 3383 Cur.
522 3365 582 3389 111,
607 3357 657 3385 17.

1390 2698 1476 2721 cum
1506 2684 1700 2734 Episcopo
1725 2683 1927 2721 redituros.
1962 2684 2042 2731 Illi,
2066 2683 2198 2721 audito
2217 2683 2314 2729 hoc,
2337 2696 2402 2720 su-

1386 2745 1518 2795 spicati
1541 2753 1630 2782 sunt
1651 2753 1815 2781 mortem
1840 2759 1847 2781 :
1869 2744 1933 2782 sed
1956 2748 2060 2782 Deus
2089 2744 2200 2781 aliter
2219 2743 2405 2793 adimple-

1386 2807 1450 2843 vit.
1478 2810 1624 2857 Nempe
1646 2805 1797 2843 rediens
1826 2805 1874 2842 ab
1895 2805 2001 2844 Urbe
2016 2835 2026 2853 ,
2048 2805 2278 2856 quibusdam
2299 2804 2403 2855 apud

1386 2881 1479 2915 nos,
1501 2868 1732 2918 quibusdam
1754 2876 1791 2904 et
1813 2867 1852 2904 in
1881 2867 1963 2904 aliis
1989 2868 2083 2904 locis
2110 2867 2158 2904 ad
2183 2866 2403 2904 discendam

1386 2929 1688 2966 conversationis
1720 2929 1883 2965 formam
1912 2928 2075 2974 relictis,
2103 2926 2216 2978 juxta
2241 2927 2402 2965 verbum

1386 2990 1515 3040 Sycari
1532 3018 1541 3035 ,
1568 3003 1654 3027 cum
1674 2989 1806 3040 paucis
1828 2987 2038 3026 admodum
2057 2988 2294 3039 repatriavit.
2314 2992 2404 3027 Haec

1385 3052 1432 3089 dc
1453 3056 1608 3102 Sycaro.

1438 3114 1501 3150 36.
1524 3117 1567 3150 In
1592 3112 1673 3163 ipsa
1692 3112 1784 3150 urbe
1805 3111 2038 3150 Eboracensi
2051 3141 2060 3158 ‚
2079 3111 2235 3148 accessit
2251 3110 2298 3148 ad
2314 3124 2403 3147 eum

1384 3174 1443 3211 vir
1472 3173 1612 3210 nobilis
1641 3174 1850 3211 secundum
1883 3174 2083 3216 saeculum,
2110 3173 2308 3210 VVallenus
2329 3185 2401 3209 no—

1385 3235 1487 3272 mine
1502 3264 1510 3280 ,
1550 3242 1641 3270 tunc
1678 3235 1786 3271 Prior
1825 3235 1862 3271 in
1898 3233 2131 3272 Kirka-hama
2170 3232 2400 3282 regularium

1450 3370 1461 3382 ²
1478 3366 1583 3405 Alias,
1601 3346 1805 3410 liga-lwstede.
