2517 3920
288 186 384 223 1495

1069 193 1104 228 S.
1136 194 1389 229 BERNARDI
1418 194 1621 230 ABRATIS

2280 200 2379 238 1496

290 265 404 300 fratre
427 263 665 311 Christiano,
689 265 752 315 qui
771 274 853 304 erat
878 281 978 306 unus
998 282 1046 306 ex
1067 269 1159 321 ipsis
1176 300 1185 317 ,
1207 269 1355 308 emi—³³⁰
1370 279 1408 307 et
1428 271 1525 307 male
1544 270 1728 308 habentes
1754 271 1820 307 illo
1843 279 1998 321 portare
2018 285 2321 323 consueverunt,
2344 288 2382 316 et

289 325 407 361 simus
427 338 492 362 eos
507 353 517 369 ,
541 324 794 376 adjungentes
815 327 861 364 de
880 330 1020 367 nostris
1036 359 1045 376 ,
1067 331 1199 381 quanti
1223 331 1302 367 sus—
1321 330 1349 364 A
1369 339 1552 368 sanantur
1569 332 1690 368 multi.
1708 332 1847 369 Mulier
1873 332 1961 369 totis
1977 332 2169 371 dissolutis
2186 336 2381 386 membris,

290 386 446 421 licerent
469 384 516 421 ad
537 399 740 423 numerum
764 387 939 426 abbatiae.
973 393 1065 438 Quae
1098 391 1299 440 concepit,

287 453 325 481 et
344 446 491 495 peperit
509 446 602 483 filias
622 447 793 498 quinque
813 464 820 485 :
844 457 881 485 et
903 450 954 486 sic
972 450 1223 500 multiplicato
1241 463 1301 487 se-

289 505 410 552 mine,
429 507 596 555 augescit
620 507 657 543 in
685 507 764 545 dies
793 522 976 546 numerus
1004 510 1298 554 monachorum,

282 564 395 614 juxta
413 565 645 604 desiderium
666 576 703 604 et
721 569 939 606 vaticinium
961 570 1167 607 Malachiae.
1192 573 1301 607 Nunc

283 625 363 675 jam
385 636 601 677 repetamus
619 629 792 666 ordinem
815 630 1056 668 narrationis.

628 764 806 804 CAPUT
834 766 969 806 XVII.

382 878 515 910 Diversa
531 879 683 912 beneficia
705 882 874 913 sanitatum
902 893 959 925 per
987 894 1059 914 eum
1079 885 1203 916 collata.

346 993 405 1029 40.
431 992 634 1030 Malachias
665 995 861 1044 profectus
889 1009 910 1032 a
941 995 1078 1043 nobis,
1117 1010 1302 1048 prospere

287 1052 463 1102 pervenit
490 1053 528 1089 in
550 1056 727 1095 Scotiam.
759 1059 806 1093 Et
833 1057 983 1093 invenit
1007 1057 1129 1094 David
1150 1070 1276 1107 regem
1291 1087 1301 1104 ,

285 1119 351 1167 qui
378 1118 502 1155 adhuc
523 1117 637 1154 hodie
658 1126 856 1167 superest,
884 1118 920 1154 in
948 1118 1116 1168 quodam
1145 1119 1300 1155 castello

405 1179 513 1229 cujus
548 1179 646 1216 filius
667 1177 934 1215 infirmabatur
959 1178 1006 1215 ad
1033 1187 1210 1216 mortem.
1241 1179 1301 1217 Ad

284 1254 398 1289 quem
426 1240 641 1291 ingressus,
671 1239 883 1276 honorifice
905 1252 926 1276 a
951 1243 1055 1290 Rege
1076 1249 1298 1291 susceptus,

284 1309 320 1337 ct
339 1301 534 1338 humiliter
555 1308 756 1346 exoratus,
778 1308 820 1336 ut
842 1308 993 1336 sanaret
1021 1300 1137 1337 filium
1156 1314 1266 1337 suum
1287 1316 1296 1347 ;

284 1376 382 1413 aqua
396 1392 404 1408 ‚
433 1363 493 1399 cui
513 1362 735 1406 benedixit,
761 1362 922 1412 aspersit
941 1361 1150 1411 juvenem,
1170 1370 1208 1398 et
1235 1362 1297 1398 in—

283 1432 391 1460 tuens
412 1423 449 1459 in
474 1436 581 1467 eum,
604 1423 655 1459 ait
677 1437 684 1459 :
702 1439 715 1454 «
738 1422 912 1468 Conlide,
933 1422 1007 1466 lili,
1028 1436 1105 1459 non
1124 1423 1298 1460 morieris

282 1503 297 1517 »
319 1486 388 1521 hac
405 1485 502 1521 vice.
524 1484 658 1521 »Dixit
676 1484 749 1520 hoc
764 1513 773 1530 ,
800 1492 837 1520 et
862 1483 922 1519 die
940 1484 1139 1533 sequenti,
1159 1497 1298 1521 secun-

283 1546 372 1583 dum
393 1546 535 1582 dictum
554 1545 773 1596 prophetae,
796 1553 926 1581 secuta
943 1553 998 1581 est
1018 1545 1157 1582 sanitas
1170 1575 1179 1592 ,
1198 1545 1299 1582 sani—

283 1616 398 1644 tatem
420 1607 549 1643 laetitia
570 1607 690 1657 patris
708 1635 717 1652 ‚
744 1606 889 1643 clamor
912 1614 949 1643 et
972 1607 1155 1657 strepitus
1181 1607 1299 1644 totius

283 1668 507 1704 exsultantis
531 1667 695 1704 familiae.
720 1667 821 1704 Exiit
842 1681 968 1704 sermo
989 1667 1036 1704 ad
1059 1682 1206 1714 omncs,
1229 1681 1299 1705 nec

283 1728 384 1765 enim
411 1728 514 1778 quod
538 1723 576 1764 in
608 1727 724 1764 domo
755 1728 878 1777 regia,
902 1736 939 1765 et
967 1728 1082 1778 Regis
1108 1729 1298 1766 acciderat

283 1789 387 1834 filio,
418 1790 535 1825 latere
566 1789 707 1839 potuit.
737 1792 783 1825 Et
813 1802 898 1825 ecce
929 1787 1073 1838 ubique
1110 1790 1298 1826 resultans

281 1193 350 1215 SUO
373 1194 380 1216 Ζ

1368 392 1540 442 plaustro
1560 401 1669 429 vecta
1690 393 1799 439 illuc,
1820 392 1984 443 pedibus
2005 394 2082 430 suis
2104 395 2290 432 remeavit
2312 397 2383 435 do-

1368 467 1496 500 mum,
1518 467 1596 490 una
1616 453 1799 490 duntaxat
1819 462 1932 491 nocte
1956 467 2033 491 non
2062 455 2201 492 frustra
2228 456 2267 493 in
2296 457 2382 495 loco

1369 522 1500 551 sancto
1529 515 1747 565 praestolata
1777 513 2077 551 misericordiam
2107 516 2275 554 Domini.
2298 518 2382 555 Alia

1368 576 1542 626 quaedam
1561 575 1702 612 ibidem
1721 574 1972 626 pernoctabat
1989 575 2027 612 in
2047 577 2222 614 oratione
2239 592 2246 614 :
2267 591 2382 628 quam

1369 637 1466 673 forte
1487 637 1682 687 reperiens
1701 637 1818 673 solam
1837 636 1954 672 horno
1974 635 2181 684 barbarus,
2202 651 2382 676 accensus

1368 696 1542 743 libidine,
1562 705 1599 733 et
1615 696 1671 734 sui
1698 697 1851 733 minime
1868 710 2047 747 compOS,
2074 697 2187 735 irruit
2211 697 2384 737 rabiosus

1368 757 1407 793 in
1426 770 1521 794 eam.
1542 760 1738 795 Conversa
1754 757 1838 804 illa,
1856 765 1893 794 et
1909 757 2129 794 tremefacta
2142 786 2152 803 ,
2172 758 2383 808 suspiciens

1368 817 1533 854 advertit
1561 818 1756 855 hominem
1787 818 1944 868 plenum
1981 817 2173 855 diabolico
2208 819 2346 869 spiritu
2373 835 2381 858 :

1372 893 1386 909 <r
1408 881 1514 915 Heus
1536 886 1598 924 tu,
1620 896 1634 911 υ
1655 878 1800 928 inquit,
1821 895 1835 909 «
1854 878 1989 923 miser,
2011 877 2103 927 quid
2124 878 2227 928 agis?
2247 880 2386 917 Consi-

1370 954 1384 970 »
1406 937 1497 974 dera
1515 937 1582 974 ubi
1605 951 1666 982 es,
1691 951 1868 976 reverere
1888 937 1969 974 haec
1990 946 2120 975 sancta
2134 967 2143 985 ,
2167 927 2273 975 defer
2288 943 2386 984 Deo.

1370 1014 1385 1031 »
1408 997 1515 1034 defer
1530 1011 1642 1035 servo
1657 997 1740 1048 ejus
1758 998 1971 1045 Malachiae,
1990 1011 2104 1049 parce
2122 1007 2160 1035 et
2176 998 2245 1036 tibi
2261 999 2347 1050 ipsi.
2371 1019 2385 1034 »

1324 1064 1350 1098 B
1370 1061 1453 1096 Non
1478 1059 1623 1096 destitit
1643 1060 1725 1106 ille,
1752 1060 1858 1096 furiis
1877 1059 2040 1109 agitatus
2059 1058 2214 1109 iniquis.
2235 1063 2283 1097 Et
2299 1074 2386 1098 ecce

1368 1117 1504 1169 <quod
1523 1119 1709 1157 horribile
1730 1120 1833 1157 dictu
1853 1129 1910 1157 est
1931 1120 1943 1172 )
1964 1128 2195 1157 venenatum
2216 1128 2254 1157 et
2274 1121 2388 1158 tumi-

1368 1178 1458 1216 dum
1481 1181 1641 1227 animal,
1663 1181 1768 1231 quod
1791 1180 1978 1219 bufonem
2000 1189 2162 1228 vocant,
2185 1182 2309 1218 visum
2329 1189 2386 1219 est

1367 1255 1522 1297 reptans
1537 1247 1642 1285 exire
1658 1247 1808 1285 deinter
1823 1248 1968 1285 femora
1985 1247 2166 1285 mulieris.
2182 1248 2283 1297 Quid
2298 1249 2387 1298 plu-

1367 1310 1430 1345 ra?
1458 1309 1698 1346 Terrefactus
1719 1308 1837 1345 resilit
1859 1309 1997 1356 homo,
2019 1316 2056 1346 et
2077 1307 2176 1345 datis
2206 1307 2383 1355 saltibus,

1366 1368 1526 1406 festinus
1547 1370 1719 1407 oratorio
1741 1370 1878 1406 exsilit.
1898 1370 1968 1407 Ille
1988 1369 2172 1406 confusus
2187 1367 2386 1416 abscessit,

1366 1437 1404 1465 et
1421 1429 1485 1466 illa
1506 1430 1646 1466 intacta
1672 1429 1879 1475 remansit,
1905 1442 2043 1479 magno
2063 1427 2222 1478 quidem
2252 1437 2290 1465 et
2315 1428 2387 1465 Dei

1366 1489 1565 1535 miraculo,
1588 1498 1626 1526 et
1641 1490 1778 1527 merito
1800 1489 2008 1527 Malachiae.
2026 1492 2073 1526 Et
2096 1489 2255 1540 pulchre
2278 1489 2387 1539 operi

1367 1550 1468 1587 foedo
1495 1559 1532 1587 et
1558 1549 1818 1588 abominando
1841 1551 1982 1587 foedum
2002 1549 2211 1587 intervenit
2230 1557 2268 1586 et
2288 1549 2384 1586 abo-

1366 1610 1547 1648 minabile
1577 1620 1806 1648 monstrum.
1831 1615 1914 1649 Non
1942 1624 2101 1662 prorsus
2128 1611 2238 1647 aliter
2259 1609 2387 1647 decuit

1366 1671 1562 1709 bestialem
1592 1672 1782 1722 exstingui
1802 1672 2022 1718 libidinem,
2046 1685 2160 1721 quam
2183 1684 2252 1721 per
2274 1670 2382 1720 frigi-

1365 1732 1560 1769 dissimum
1589 1745 1759 1769 vermem
1783 1748 1790 1769 :
1814 1746 1885 1770 nec
1905 1732 2015 1769 aliter
2036 1731 2281 1769 temerarium
2305 1731 2384 1768 fre-

1366 1793 1448 1829 nari
1462 1807 1619 1838 ausum,
1649 1793 1821 1830 frustrari
1847 1801 2048 1839 conatum,
2075 1805 2191 1843 quam
2221 1805 2292 1842 per
2323 1791 2384 1827 vi-

283 1851 489 1900 gratiarum
514 1850 612 1886 actio
627 1878 636 1895 ‚
660 1858 697 1886 et
715 1863 790 1886 vox
818 1849 940 1886 laudis
955 1878 964 1895 ,
986 1858 1065 1886 tum
1085 1863 1157 1900 pro
1179 1851 1299 1887 salute
1320 1853 1346 1888 C
1366 1854 1463 1900 lem,
1498 1854 1751 1903 inutilemque
1779 1853 1994 1890 bestiolam.
2022 1857 2071 1890 Et
2089 1853 2171 1889 haec
2198 1852 2285 1888 loco
2313 1851 2385 1888 isto

283 1910 451 1957 domini,
484 1919 565 1947 tum
596 1924 669 1960 pro
699 1911 872 1947 miraculi
896 1911 1078 1947 novitate.
1112 1911 1300 1948 Henricus

285 1980 341 2009 est
371 1971 440 2008 iste
473 1986 480 2007 :
514 1984 600 2007 nam
637 1971 730 2007 vivit
763 1970 887 2008 adhuc
922 1971 1057 2007 unicus
1078 1971 1197 2021 patris
1229 1972 1299 2018 sui,

284 2031 391 2068 miles
426 2031 531 2067 fortis
565 2039 602 2067 et
630 2030 820 2080 prudens,
851 2031 1061 2081 patrizans,
1097 2040 1139 2067 ut
1170 2032 1296 2075 aiunt,

282 2092 321 2128 in
351 2091 533 2128 sectando
549 2090 735 2140 justitiam
756 2100 793 2127 et
820 2104 990 2127 amorem
1012 2090 1098 2127 viri.
1124 2095 1171 2128 Et
1193 2105 1297 2128 ama—

281 2153 335 2189 vit
351 2161 513 2202 uterque
530 2152 769 2198 Malachiam,
786 2151 970 2201 quamdiu
987 2151 1096 2198 vixit,
1115 2160 1296 2202 tanquam

284 2214 349 2264 qui
379 2214 483 2249 illum
507 2226 527 2249 a
557 2220 681 2249 morte
715 2221 944 2249 revocasset.
978 2212 1181 2262 Rogabant
1211 2227 1299 2251 eum

283 2287 437 2310 manere
472 2287 538 2324 per
568 2273 714 2323 aliquot
746 2272 827 2310 dics
860 2289 867 2310 :
905 2273 970 2310 sed
1002 2273 1065 2310 ille
1102 2273 1300 2312 declinans

282 2334 440 2384 gloriam
455 2364 463 2380 ,
488 2348 633 2370 moram
658 2347 736 2370 non
754 2333 955 2380 sustinuit,
977 2342 1013 2370 et
1035 2347 1146 2371 mane
1163 2348 1299 2385 carpe-

283 2395 347 2432 bat
373 2396 457 2432 itcr.
488 2396 717 2433 Transeunti
745 2395 859 2445 igitur
880 2409 950 2446 per
969 2396 1096 2432 villam
1111 2426 1120 2443 ,
1142 2397 1299 2433 nomine

280 2457 509 2506 Crugeldum
525 2487 534 2503 ,
556 2456 723 2493 occurrit
743 2457 870 2506 puella
894 2465 1010 2493 muta.
1036 2460 1178 2494 Orante
1204 2458 1293 2503 1110,

282 2516 448 2552 solutum
467 2524 523 2553 est
541 2517 736 2553 vinculum
763 2517 902 2566 linguae
925 2515 1026 2566 ejus,
1050 2525 1087 2554 et
1108 2516 1297 2567 loqueba-

283 2585 345 2613 tur
371 2585 484 2613 recte.
505 2577 651 2613 Dehinc
672 2577 799 2613 villam
827 2577 1066 2627 ingrediens,
1090 2592 1204 2628 quam
1226 2592 1299 2615 no-

282 2638 429 2674 minant
443 2638 641 2675 ecclesiam
660 2638 1017 2684 Sancti-Michaelis,
1033 2637 1200 2676 oblatam
1224 2639 1295 2676 sibi
1318 2641 1349 2675 D

283 2700 481 2735 mulierem
523 2699 809 2749 phreneticam,
844 2708 880 2736 et
908 2699 1077 2736 vinctam
1117 2699 1298 2744 funibus,

285 2773 410 2795 coram
434 2760 539 2796 omni
561 2760 709 2810 populo
730 2768 850 2806 curat,
873 2768 909 2796 et
928 2759 1081 2796 dimissa
1098 2760 1296 2805 incolumi,

288 2819 554 2869 proficiscitur.
590 2819 821 2857 perveniens
848 2833 941 2856 vero
972 2820 1021 2856 ad
1049 2828 1205 2870 portum
1232 2824 1302 2857 La-

287 2880 483 2929 perasperi
498 2909 507 2925 ,
526 2881 727 2917 transitum
754 2880 806 2917 ibi
836 2895 906 2931 per
932 2881 1079 2931 aliquot
1102 2881 1181 2919 dies
1202 2895 1302 2932 prae-

289 2938 525 2976 stolabatur:
557 2941 622 2977 sed
659 2956 765 2978 mora
794 2942 950 2978 minime
985 2942 1133 2978 transiit
1167 2944 1300 2979 otiosa.

290 2999 534 3035 construitur
560 3000 712 3037 interim
741 3002 787 3038 de
813 3002 928 3052 virgis
954 3002 993 3038 in
1022 3015 1161 3052 saepem
1192 3004 1304 3040 textis

290 3059 503 3095 oratorium
516 3089 526 3107 ,
544 3060 627 3109 ipso
639 3059 800 3109 jubente
813 3090 821 3106 ‚
841 3062 924 3112 ipso
943 3071 1128 3113 operante
1145 3064 1301 3113 pariter.

291 3123 607 3157 Consummatuni
629 3121 879 3158 circumdedit
898 3124 1021 3169 vallo,
1048 3132 1162 3173 atque
1182 3125 1304 3161 inter—

286 3181 420 3231 jacens
441 3181 606 3231 spatium
627 3182 665 3218 in
694 3183 953 3220 coemeterium
975 3183 1184 3222 benedixit.
1208 3189 1305 3224 Sane

290 3243 423 3279 merita
451 3241 714 3279 benedicentis
744 3242 927 3279 miracula
959 3244 1049 3280 satis
1080 3244 1299 3291 declarant,

286 3317 370 3354 quae
393 3316 515 3352 usque
534 3303 647 3339 hodie
665 3302 716 3339 ibi
738 3303 886 3340 actitari
907 3304 1096 3341 seruntur.

343 3363 400 3401 ‘'kl.
423 3363 516 3400 lude
533 3372 610 3410 cst,
633 3364 737 3413 quod
761 3363 808 3400 de
828 3364 997 3401 linitimis
1018 3365 1110 3401 locis
1131 3366 1303 3403 infirmos

1368 1914 1559 1951 sufficiant
1581 1928 1703 1964 pauca
1725 1913 1773 1950 de
1790 1913 1967 1964 pluribus
1987 1928 1994 1950 :
2014 1926 2118 1950 nunc
2142 1911 2221 1962 jam
2242 1911 2385 1962 reliqua

1367 1988 1662 2025 prosequamur.

1688 2101 1869 2141 CAPUT
1897 2101 2060 2142 XVIII.

1372 2228 1526 2256 Reversus
1544 2224 1575 2256 in
1591 2224 1727 2267 patriam
1742 2249 1750 2265 ,
1770 2231 1854 2257 totus
1864 2235 1946 2256 curte
1959 2223 2110 2267 pastorali
2123 2228 2155 2255 et
2171 2222 2387 2255 reformationi

1798 2279 1963 2312 incumbit.

1422 2402 1484 2440 42.
1513 2402 1695 2440 Ascendit
1719 2402 1922 2440 Malachias
1947 2415 2104 2449 navem,
2135 2409 2174 2438 et
2202 2413 2385 2452 prospere

1365 2464 1562 2513 navigans,
1579 2464 1765 2514 applicuit
1778 2462 2011 2501 monasterio
2032 2475 2103 2499 suo
2114 2460 2383 2507 Benchorensi,

1365 2533 1406 2561 ut
1427 2524 1542 2574 primi
1563 2525 1629 2561 filii
1656 2525 1819 2575 primam
1844 2523 2061 2573 reciperent
2082 2521 2255 2572 gratiam.
2285 2520 2385 2569 Quid

1366 2585 1483 2622 animi
1500 2593 1612 2635 putas
1627 2585 1783 2635 gessisse
1800 2585 1904 2629 illos,
1919 2596 2014 2620 sano
2032 2582 2079 2619 de
2097 2582 2160 2618 via
2178 2590 2254 2618 tam
2271 2581 2386 2630 longa

1367 2655 1523 2696 recepto
1550 2655 1679 2697 patre,
1702 2654 1739 2683 et
1759 2646 1824 2683 illo
1855 2645 1992 2695 patre?
2012 2647 2090 2681 Nec
2110 2642 2249 2679 mirum
2264 2671 2274 2688 ,
2295 2641 2326 2678 si
2346 2653 2385 2678 se

1367 2715 1447 2743 tota
1468 2707 1507 2743 in
1539 2707 1721 2756 gaudium
1753 2705 1976 2743 effuderunt
2002 2704 2151 2741 viscera
2181 2715 2316 2740 eorum
2345 2702 2385 2738 in

1367 2768 1492 2805 reditu
1505 2767 1601 2817 ejus,
1617 2768 1772 2818 quando
1785 2777 1822 2804 et
1832 2767 1973 2804 exteris
1984 2764 2283 2815 circumquaque
2296 2776 2389 2814 gen-

1368 2827 1469 2865 tibus
1485 2828 1747 2865 incredibilem
1765 2842 1855 2865 mox
1868 2827 2038 2864 laetitiam
2056 2826 2318 2865 veloxrumor
2331 2822 2390 2859 in>-

1368 2889 1486 2925 vexit.
1517 2889 1692 2938 Denique
1719 2889 1766 2926 de
1796 2887 2040 2933 civitatibus,
2072 2895 2110 2924 et
2132 2885 2319 2929 castellis,
2349 2891 2387 2920 et

1369 2949 1462 2986 vicis
1478 2958 1689 2986 occurrunt
1704 2950 1738 2986 ei
1752 2965 1761 2996 ;
1779 2958 1817 2986 et
1833 2960 2080 3000 quocumque
2096 2946 2283 2992 divertat,
2299 2956 2385 2982 sus-

1371 3009 1513 3060 cipitur
1534 3010 1791 3047 exsultatione
1811 3010 2003 3047 universae
2029 3017 2155 3045 terrae.
2177 3010 2384 3044 Verumta-

1371 3083 1459 3106 men
1474 3083 1553 3106 non
1565 3071 1663 3120 sapit
1674 3070 1812 3107 honor.
1828 3073 1934 3120 Opus
1947 3076 2149 3107 exercetur
2162 3065 2384 3117 legationis:

1372 3131 1502 3168 multis
1518 3131 1556 3167 in
1575 3131 1668 3168 locis
1689 3131 1934 3168 celebrantur
1951 3136 2167 3167 conventus
2186 3127 2320 3172 multi,
2338 3138 2386 3162 ne

1372 3203 1448 3240 qua
1468 3191 1573 3240 regio
1585 3219 1594 3237 ‚
1616 3204 1681 3228 seu
1700 3192 1828 3241 portio
1843 3190 2010 3240 regionis
2023 3219 2033 3236 ,
2049 3187 2247 3239 legationis
2264 3186 2389 3224 fructu

1372 3258 1411 3287 et
1438 3250 1600 3287 utilitate
1626 3251 1838 3288 fraudetur.
1872 3250 2092 3289 Seminatur
2113 3261 2230 3299 super
2255 3259 2388 3284 omnes

1370 3324 1487 3360 aquas
1506 3326 1513 3347 :
1531 3324 1608 3348 non
1627 3320 1682 3354 est
1702 3312 1768 3361 qui
1784 3324 1823 3348 se
1847 3310 2060 3348 abscondat
2077 3308 2125 3346 ab
2142 3321 2260 3359 opera
2279 3306 2400 3358 solli-t

1372 3370 1552 3408 citudinis
1579 3370 1673 3420 ejus.
1695 3376 1779 3409 Non
1804 3385 1938 3418 sexus,
1963 3384 2040 3408 non
2061 3378 2168 3416 aetas,
2190 3381 2267 3406 non
2289 3380 2382 3404 con-
