2517 3920
357 200 448 240 1251
1006 198 1282 234 ADMOMTIO
1310 198 1360 231 IN
1390 193 1690 231 OPUSCULUM
1718 193 1781 227 VI.
2330 194 2428 231 1252

351 278 500 316 auctori
519 275 730 322 tribuitur,
748 275 904 312 nonnisi
923 281 1012 325 post
1027 272 1291 312 Guillelmum
1312 271 1347 308 T
1351 283 1530 322 yrensem
1549 270 1733 319 scriptam
1761 267 1883 305 fuisse
1906 283 1914 304 ι
1946 267 2277 319 quandoquidem
2295 271 2335 308 in
2362 286 2430 309 ca-

350 346 430 396 pite
457 344 645 396 vigesimo
661 343 792 394 primo
808 349 999 380 notantur
1022 340 1187 391 quidam
1217 357 1233 373 α
1264 336 1555 388 pseudofratres
1581 348 1627 372 ex
1654 332 1973 371 Ultramontanis
1997 333 2179 384 partibus
2195 365 2205 382 ‚
2227 337 2429 387 mentien-

353 430 368 444 ν·
393 420 449 449 tes
468 424 507 449 se
523 423 603 448 esse
617 408 666 447 de
687 407 857 460 Templo
874 426 882 456 ;
908 429 921 443 υ
941 416 980 445 et
999 405 1180 458 quaedam
1198 402 1305 455 apud
1320 404 1423 453 ipsos
1442 400 1592 439 Milites
1612 418 1627 433 «
1648 401 1731 438 sine
1750 399 1983 438 discretione
2003 413 2046 437 ac
2063 399 2222 438 consilio
2238 415 2426 439 commu—

339 488 370 513 ‘»
391 479 450 517 nis
469 476 630 529 capituli
653 478 883 515 succrevisse
903 476 1061 527 penitus
1079 469 1323 523 amputanda
1347 487 1365 503 n
1386 475 1625 520 arguuntur,
1642 479 1786 517 nempe
1806 465 1917 516 quod
1928 484 1942 499 «
1961 465 2161 505 habebant
2180 465 2276 505 olim
2289 467 2428 506 famuli

353 563 369 578 »ι
393 554 430 583 et
452 544 635 596 armigeri
655 542 744 581 alba
760 543 1018 593 vestimenta,
1039 538 1146 578 unde
1166 535 1380 576 veniebant
1400 533 1547 571 damna
1568 529 1851 582 importabilia.
1878 549 1891 564 »
1912 529 2085 569 Nullum
2099 544 2194 569 vero
2209 531 2428 582 capitulum

349 609 528 663 generale
553 607 877 659 Templariorum
895 607 973 644 fuit
994 614 1086 644 ante
1104 602 1317 642 concilium
1335 600 1534 638 Trecense
1553 615 1562 635 z
1581 597 1716 635 nullus
1741 606 1856 635 antea
1874 595 2086 648 peculiaris
2107 596 2290 636 Militum
2304 596 2428 636 habi-

348 687 412 716 tus
432 708 441 725 ‚
463 675 530 714 sed
549 674 735 727 vulgaris.
761 673 884 711 Albus
904 674 959 710 eis
984 684 1187 710 concessus
1209 678 1268 707 est
1292 682 1314 706 a
1335 664 1519 704 Patribus
1532 662 1703 710 concilii,
1726 663 1896 713 exceptis
1914 661 2198 702 Servieutibus.
2218 661 2342 701 Plane
2363 666 2427 705 ve}

353 757 400 780 ex
421 741 484 780 his
500 740 591 780 solis
612 739 744 780 verbis
766 737 1023 790 intelligitur,
1046 736 1122 775 hoc
1144 734 1284 774 saltem
1309 730 1530 783 capitulum
1557 729 1670 781 longe
1686 738 1776 780 post
1797 738 1956 779 tempus
1975 727 2128 767 concilii
2145 727 2266 767 fuisse
2283 727 2429 768 adscri-

344 816 476 859 ptum.
501 804 732 857 Capitulum
756 804 971 855 septimum
999 820 1018 836 a
1044 800 1184 840 stando
1209 799 1391 838 divinum
1419 797 1594 835 officium
1619 795 1747 833 audiri
1773 813 1789 828 ι
1821 809 1901 833 non
1924 793 2055 833 solum
2073 808 2153 833 non
2170 793 2331 843 laudat,
2361 796 2428 834 sed

347 873 465 911 etiam
486 873 686 922 vituperat
701 901 711 919 ,
731 870 948 919 statuitque
965 867 1096 905 audiri
1116 864 1288 904 sedendo
1306 881 1314 901 :
1338 862 1447 914 quod
1463 874 1555 899 sane
1577 869 1775 899 statutum
1795 861 1835 897 in
1859 859 2050 898 Bernardi
2067 868 2246 898 mentem
2261 873 2342 898 non
2360 875 2428 899 ve-

346 940 479 977 nisset.
512 937 561 974 In
583 934 755 987 capitulo
789 933 1121 985 quinquagesimo
1146 940 1255 969 sexto
1282 929 1496 974 statuitur,
1532 944 1548 960 «
1571 935 1617 964 ut
1638 925 1811 978 amplius
1838 939 1988 964 sorores
2010 940 2090 965 non
2117 926 2374 965 habeantur:
2408 945 2425 961 n

343 1002 452 1054 quod
473 1002 602 1053 arguit
620 1014 701 1039 non
718 1000 839 1038 fuisse
857 1012 990 1037 recens
1014 998 1261 1036 institutum.
1286 995 1346 1033 An
1367 994 1540 1033 Joannes
1557 991 1840 1031 Michaelensis
1860 994 1973 1032 istius
1995 992 2158 1046 Regulae
2187 1001 2325 1034 auctor
2351 994 2400 1032 sit
2416 1024 2427 1042 ‚

345 1066 430 1105 aliis
445 1065 705 1117 judicandum
722 1063 919 1115 relinquo.
941 1062 1050 1101 Illud
1071 1064 1111 1100 in
1129 1075 1175 1099 ea
1202 1060 1415 1099 observatu
1438 1074 1520 1098 non
1542 1057 1753 1111 indignum
1774 1089 1782 1107 ‚
1805 1058 1915 1110 quod
1932 1077 1945 1092 «
1972 1058 2159 1098 collatio»
2174 1072 2247 1110 pro
2274 1058 2426 1098 coenula

339 1132 585 1182 jejuniorum
605 1139 824 1182 usurpatur
843 1130 883 1167 in
901 1129 1027 1180 capite
1045 1127 1198 1167 decimo
1221 1134 1345 1165 sexto.
