2565 3952
8 192 83 229 ⁷421

929 185 1193 221 EPISTOLAE.
2038 178 2114 215 ³422

1030 259 1076 277 '⁸⁷
1096 260 1205 297 lardo
1235 275 1242 296 ε

1272 258 1382 308 cujus
1409 270 1545 294 omnes
1570 270 1740 303 errores,
1762 255 1810 292 ab
1842 256 2011 293 Ecclesia
2037 256 2116 305 jam

22 348 1027 366 .....................................................................
1046 321 1358 372 Adeprehensos
1387 327 1503 369 atque
1527 317 1751 364 damnatos,
1785 330 1871 353 cum
1902 317 1969 353 illo
2003 318 2117 355 etiam

171 467 556 526 EPISTOLA
600 460 859 523 CXCV.a

168 634 216 656 AD
245 631 453 656 EPISCOPUM
485 629 817 654 CONSTANTIENSEM
831 616 861 653 *.

14 753 122 784 Monet
140 755 174 781 ut
188 748 365 781 Amaldum
380 748 420 780 de
439 748 544 779 Brixia
556 771 564 786 ‚
588 747 677 779 Italia
699 752 730 778 et
749 746 852 778 Gallia
874 746 998 789 pulsum
1014 770 1022 785 ‚

59 811 89 836 et
99 805 165 847 jam
180 803 265 846 apud
283 803 385 846 ipsum
411 802 643 834 delitescentem
668 802 820 844 expellat,
842 807 897 832 aut
922 801 1026 844 potius

58 859 100 892 ad
113 857 252 890 cavenda
263 858 383 900 majora
396 856 512 888 damna
525 856 664 889 vinctum
678 862 793 888 teneat.

68 988 101 1026 l.
131 981 307 1027 Si¹sciret
326 982 599 1038 paterfa‘milias
619 1000 694 1037 qua
714 986 808 1023 hora
838 986 899 1023 fur
918 985 1030 1022 veni-

14 1058 88 1096 ret,
120 1050 298 1100 vigilaret
327 1051 479 1101 utique,
517 1058 556 1086 et
588 1063 668 1086 non
702 1049 844 1086 sineret
880 1048 1029 1099 perfodi
1054 1052 1079 1086 B
1098 1048 1182 1099 ejus
1201 1048 1248 1086 ad
1276 1046 1556 1086 effundendum
1583 1045 1809 1095 sanguinem

15 1111 169 1151 domum
199 1125 305 1149 suam
323 1119 349 1148 ¹.
373 1111 483 1149 Scitis
506 1111 596 1161 quia
617 1111 678 1147 fur
709 1109 756 1146 de
782 1118 896 1147 nocte
925 1109 1030 1146 irru-

14 1171 112 1224 perit
131 1171 288 1209 domum
302 1203 311 1219 ‚
327 1186 406 1210 non
427 1181 614 1217 vestram,
635 1171 702 1209 sed
718 1171 896 1217 Domini3
920 1170 1031 1207 vobis

15 1240 139 1272 namen
160 1232 430 1270 commissam?
450 1233 523 1271 Sed
544 1232 703 1270 dubium
735 1245 817 1269 esse
846 1245 925 1268 non
958 1245 1031 1282 po-

15 1301 102 1340 test,
121 1293 218 1330 scire
245 1307 332 1341 vos,
363 1293 467 1344 quod
499 1293 603 1344 apud
630 1306 701 1329 vos
732 1294 792 1339 fit,
815 1292 971 1342 quando
992 1291 1031 1328 id

15 1367 130 1404 usque
155 1353 204 1390 ad
230 1366 301 1390 nos
321 1354 454 1404 utique
479 1362 552 1390 tam
582 1362 752 1390 remotos
781 1353 908 1402 potuit
937 1366 1030 1402 per-

16 1413 154 1453 venire.
181 1417 258 1451 Nec
279 1415 437 1462 mirum,
467 1414 498 1452 si
524 1428 604 1451 non
631 1414 766 1451 horam
788 1413 1003 1464 praevidere
1020 1442 1029 1459 ‚

17 1483 80 1513 aut
97 1483 329 1512 nocturnum
356 1475 450 1512 furis
475 1475 690 1525 ingressum
717 1473 926 1511 observare
946 1474 1033 1524 qui—

17 1535 129 1574 vistis.
149 1535 291 1573 Mirum
319 1544 468 1583 autem‚
489 1534 522 1573 si
548 1535 833 1586 deprehensum
850 1534 931 1584 jam
953 1548 1031 1572 non

18 1596 233 1647 agnoscitiS,
256 1609 336 1634 non
358 1597 516 1643 tenetis,
546 1609 625 1633 non
651 1595 867 1646 prohibetis
891 1609 1034 1646 expor-

21 1665 96 1696 tare
126 1658 248 1708 spolia
280 1666 429 1706 vestra,
454 1659 534 1696 imo
565 1658 861 1709 pretiosissimas
893 1658 1034 1696 Christi

20 1719 188 1765 exuvias,
224 1719 370 1757 animas
404 1719 603 1767 videlicet,
637 1732 731 1770 quas
767 1733 835 1757 sua
867 1719 1033 1768 imagine

20 1780 268 1831 praesignivit,
285 1794 356 1818 suo
373 1793 513 1818 cruore
539 1780 713 1818 redemit.
740 1780 875 1819 Adhuc
904 1781 1032 1817 forsan

1094 390 1133 418 et
1152 394 1232 430 prae
1248 380 1315 416 illo
1341 378 1549 416 defendere
1572 378 1711 414 acriter
1728 385 1765 414 et
1783 376 2032 427 pertinaciter
2049 391 2118 414 co-

1094 440 1269 478 nabatur.

1149 502 1185 539 2.
1218 504 1265 538 Et
1294 501 1333 537 in
1356 499 1415 536 his
1434 497 1616 535 omnibus
1632 511 1712 534 non
1742 505 1799 534 est
1828 510 1984 534 aversus
2011 498 2119 535 furor

1094 561 1197 612 ejus,
1221 560 1287 597 sed
1306 559 1431 596 adhuc
1449 570 1585 594 manus
1603 556 1686 606 ejus
1703 565 1870 593 extenta.
1890 560 1985 593 Nam
2002 557 2118 594 etiam

1095 623 1147 659 ita
1167 634 1286 670 vagus
1314 628 1352 656 et
1372 619 1560 670 profugus
1579 631 1696 668 super
1723 625 1884 663 terram,
1914 618 2019 667 quod
2036 617 2117 667 jam

1096 697 1175 721 non
1204 683 1293 719 licet
1318 682 1419 718 inter
1438 693 1546 727 suos,
1568 693 1647 716 non
1670 687 1791 716 cessat
1816 678 1920 728 apud
1946 679 2114 725 alienos,

1096 754 1278 794 tanquam
1294 744 1354 779 leo
1368 741 1542 791 rugiens,
1557 740 1746 777 circuiens
1760 747 1798 776 et
1811 752 1989 789 quaerens
2002 753 2117 788 quem

1094 806 1267 842 devoret.
1295 807 1344 841 Et
1372 815 1477 839 nunc
1506 801 1609 852 apud
1632 814 1721 846 vos,
1749 800 1847 837 sicut
1873 801 2115 852 accepimus,

1095 874 1280 917 operatur
1309 864 1572 914 iniquitatem,
1603 870 1641 898 et
1678 861 1839 898 devorat
1868 860 2022 911 plebem
2053 877 2120 899 ve—

1097 935 1234 973 stram,
1265 926 1364 962 sicut
1395 937 1521 961 escam
1550 922 1672 973 panis.
1704 921 1822 971 Cujus
1849 922 2119 959 maledictione

1098 997 1136 1025 et
1166 985 1424 1024 amaritudine
1452 998 1496 1022 os
1530 985 1689 1035 plenum
1719 992 1794 1030 est,
1822 983 1975 1020 veloces
2003 984 2121 1033 pedes

1838 1059 1845 1080 :
1873 1045 2055 1081 contritio
2084 1055 2122 1082 et

1096 1110 1298 1147 infelicitas
1315 1110 1353 1146 in
1374 1108 1445 1145 viis
1460 1106 1562 1156 ejus,
1580 1115 1617 1143 et
1632 1105 1734 1142 viam
1751 1105 1857 1156 pacis
1877 1119 1956 1142 non
1976 1119 2123 1155 cogno-

1097 1172 1164 1208 vit.
1197 1170 1380 1208 Inimicus
1411 1169 1535 1206 erucis
1556 1161 1717 1214 Christi,
1737 1166 1948 1204 seminator
1975 1166 2123 1204 discor-

1099 1232 1191 1278 diae,
1226 1230 1435 1267 fabricator
1469 1229 1739 1274 schismatum,
1777 1226 1955 1263 turbator
1993 1228 2120 1277 pacis,

1100 1292 1256 1328 unitatis
1281 1290 1426 1327 divisor
1445 1304 1452 1325 z
1475 1288 1584 1338 cujus
1614 1288 1749 1325 (lentes
1774 1301 1878 1324 arma
1897 1295 1935 1323 et
1953 1288 2121 1336 sagittae,

1099 1360 1137 1388 et
1166 1352 1295 1401 lingua
1323 1350 1404 1400 ejus
1431 1349 1580 1400 gladius
1607 1357 1755 1385 acutus.
1776 1348 1915 1397 Molliti
1933 1355 2023 1383 sunt
2043 1361 2125 1384 ser—

1099 1426 1235 1450 mones
1262 1412 1345 1462 ejus
1374 1425 1492 1462 super
1517 1411 1668 1456 oleum,
1699 1417 1736 1446 et
1766 1409 1838 1459 ipsi
1869 1416 1959 1445 sunt
1983 1407 2124 1457 jacula.

1100 1474 1214 1513 Unde
1232 1482 1270 1511 et
1293 1474 1391 1511 solet
1416 1472 1488 1510 sibi
1518 1472 1670 1509 allicere
1700 1469 1851 1507 blandis
1881 1468 2127 1506 sermonibus

1101 1545 1140 1573 et
1170 1535 1417 1573 simulatione
1448 1534 1637 1571 virtutum
1670 1532 1808 1569 divites
1848 1540 1886 1567 et
1918 1539 2115 1580 potentes,

1097 1597 1211 1647 J'uxta
1234 1596 1330 1634 illud
1357 1597 1496 1634 :Sedet
1521 1600 1559 1631 in
1598 1596 1750 1631 insidiis
1782 1607 1864 1629 cum
1895 1592 2069 1628 divitibus
2087 1596 2126 1627 in

1101 1662 1273 1704 occulus,
1320 1667 1359 1695 ut
1390 1659 1592 1705 Interficiat
1634 1661 1869 1692 innocentem
1896 1655 1923 1690 4.
1960 1657 2127 1691 Demum

1101 1734 1187 1758 cum
1212 1721 1327 1757 fuerit
1355 1719 1401 1756 de
1431 1720 1586 1756 illorum
1616 1725 1766 1767 captata
1800 1715 2069 1752 benevolentia
2091 1724 2128 1751 et

1101 1782 1358 1820 familiaritate
1385 1794 1563 1826 securus,
1581 1778 1762 1816 videbitis
1782 1777 1978 1814 hominem
1997 1784 2129 1826 aperte

20 1841 182 1888 haerefis,
202 1850 241 1879 et
272 1842 483 1889 miramini,
506 1855 713 1892 quemnam
745 1841 872 1878 dicere
903 1842 1032 1879 velim.
1054 1842 1080 1878 C
1100 1844 1301 1893 insurgere
1318 1843 1354 1880 in
1379 1843 1546 1887 clerum,
1566 1841 1704 1877 fretum
1723 1837 1929 1889 tyrannide
1947 1837 2126 1881 militari,

19 1902 226 1942 Arnaldum
257 1903 399 1953 loquor
426 1903 474 1940 de
500 1902 628 1941 Brixia
639 1904 671 1949 *,
693 1902 759 1953 qui
789 1903 934 1940 utinam
957 1911 1032 1939 tam

19 1975 116 2001 sanae
135 1971 233 2001 esset
259 1963 466 2010 doctrinae,
492 1977 609 2014 quam
639 1963 822 2001 districtae
853 1972 910 2001 est
934 1964 1033 2000 vitre.

21 2025 68 2062 Et
83 2023 114 2061 si
128 2023 244 2062 vultis
260 2024 376 2070 scire,
394 2024 512 2062 homo
539 2033 597 2061 est
621 2037 747 2074 neque
768 2024 1007 2062 manducans
1022 2053 1032 2071 ‚

22 2095 140 2134 neque
168 2082 325 2131 bibens,
361 2084 444 2121 solo
475 2097 563 2121 cum
597 2083 754 2121 diabolo
792 2084 966 2121 esuriens
998 2093 1036 2121 ct

22 2143 146 2183 sitiens
164 2145 386 2196 sanguinem
407 2145 637 2183 animarum.
665 2149 776 2184 Unus
802 2145 849 2182 de
871 2159 1034 2182 numero

23 2205 186 2254 illmum,
216 2220 314 2258 quos
345 2207 558 2258 apostolica
587 2207 783 2257 vigilantia
805 2215 932 2253 notat,
963 2207 1035 2242 lm-

24 2265 141 2304 bemes
163 2265 331 2315 sormam
356 2272 533 2318 pietatis,
560 2273 731 2305 virtatem
758 2270 862 2304 Illius
883 2272 1036 2316 penitus

24 2325 271 2378 abnegantes²
305 2343 314 2366 :
350 2338 388 2367 et
408 2330 490 2380 ipse
520 2330 730 2377 Dominus,
765 2332 946 2373 Venient,
970 2329 1032 2365 in-

23 2387 168 2438 quiens,
183 2391 238 2426 ad
251 2404 322 2427 vos
336 2395 376 2426 in
393 2395 627 2427 vestimentis
644 2395 765 2427 ovium
778 2419 788 2434 ‚
809 2394 1034 2426 intrinsecus

23 2457 141 2488 autem
175 2460 261 2488 sant
292 2454 372 2501 lupi
407 2465 566 2502 rapaces
582 2450 609 2488 3.
639 2456 676 2490 Is
704 2465 796 2501 ergo
826 2464 950 2501 usque
986 2450 1033 2487 ad

23 2508 115 2548 hanc
133 2519 302 2560 aetatem‚
322 2511 559 2564 ubicumque
579 2521 829 2551 conversatus
854 2520 928 2558 est,
957 2520 1033 2548 tam

25 2567 118 2609 foeda
134 2580 222 2622 post
239 2585 295 2620 se,
318 2581 357 2610 et
386 2581 462 2610 tam
491 2587 591 2611 saeva
611 2573 768 2623 reliquit
793 2572 970 2622 vestigia,
993 2580 1034 2608 ut

1102 1904 1302 1953 insurgere
1319 1904 1356 1940 in
1377 1904 1481 1953 ipsos
1503 1902 1727 1952 episcopos,
1745 1908 1783 1936 et
1807 1899 1845 1935 in
1869 1911 2023 1935 omnem
2042 1911 2130 1948 pas-

1103 1964 1173 2001 sim
1228 1964 1529 2001 ecclesiasticum
1573 1960 1750 1998 ordinem
1798 1959 1994 1996 desaevire.
2045 1961 2131 1995 Hoc.

1103 2025 1284 2071 scientes,
1308 2025 1437 2061 nescio
1455 2037 1503 2060 an
1530 2023 1666 2059 melius
1690 2020 1931 2059 salubriusve
1957 2020 1997 2056 in
2022 2028 2130 2056 tanto

1103 2085 1325 2123 discrimine
1364 2098 1494 2122 rerum
1528 2096 1641 2133 agere
1669 2081 1846 2127 valeatis,
1881 2093 1997 2130 quam
2019 2079 2132 2129 juxta

1102 2147 1282 2197 Apostoli
1311 2146 1522 2191 monitum,
1544 2144 1694 2181 auferre
1724 2142 1869 2178 malum
1897 2154 1944 2177 ex
1972 2139 2088 2177 vohis
2101 2138 2127 2176 5.

1103 2212 1332 2258 Quanquam
1363 2207 1507 2244 amicus
1536 2205 1669 2256 sponsi
1699 2204 1816 2253 ligare
1836 2203 1986 2252 potius,
2015 2214 2127 2251 quam

1104 2269 1234 2318 fugare
1255 2267 1423 2313 curabit3
1444 2280 1492 2304 ne
1508 2265 1588 2316 jam
1607 2265 1842 2310 discurrere,
1861 2271 1899 2300 et
1924 2276 1970 2299 co
1990 2276 2130 2299 nocere

1103 2329 1191 2379 plus
1211 2329 1344 2379 possit.
1368 2332 1450 2366 Hoc
1481 2327 1643 2364 enimet
1673 2325 1854 2362 (lominus
1883 2327 2005 2373 Papa,
2037 2323 2128 2359 dum

1102 2390 1227 2428 adhuc
1265 2398 1364 2426 esset
1393 2388 1496 2439 apud
1535 2401 1625 2434 nos,
1657 2385 1708 2423 ob
1738 2386 1837 2423 mala
1867 2398 1953 2435 quae
1986 2384 2033 2421 (le
2064 2384 2129 2421 illo

1102 2450 1301 2497 audiebat,
1327 2449 1408 2486 ficri
1440 2448 1646 2486 scribendo
1678 2446 1876 2484 mandavit
1906 2460 1914 2481 :
1950 2445 2017 2482 sed
2051 2458 2128 2481 non

1102 2511 1173 2548 fuit
1197 2511 1264 2561 qui
1296 2511 1435 2547 faceret
1461 2508 1621 2545 bonum.
1642 2507 1820 2556 Denique
1837 2506 1867 2542 si
1886 2505 1970 2555 capi
1994 2505 2129 2554 vulpes

1102 2572 1259 2623 pusillas
1282 2571 1535 2608 demolientes
1562 2569 1712 2605 vineam
1741 2567 1938 2616 Scriptura
1965 2564 2129 2602 salubri—

25 2627 88 2670 ubi
103 2633 216 2670 semel
235 2634 359 2671 fixerit
384 2634 544 2685 pedem,
567 2634 658 2671 illuc
681 2634 783 2671 ultra
803 2633 928 2671 redire
949 2646 1035 2669 om·
1056 2638 1088 2672 D
1105 2642 1162 2670 ter
1184 2640 1317 2669 monet
1331 2630 1366 2677 ⁶3
1388 2645 1479 2668 num
1501 2630 1623 2667 multo
1641 2628 1759 2678 magis
1781 2628 1895 2677 lupus
1913 2638 2073 2675 magnus
2091 2634 2129 2661 et

25 2688 111 2728 nimo
128 2704 206 2730 non
231 2693 382 2732 audeat.
403 2695 582 2745 Denique
608 2695 749 2745 ipsam,
768 2695 806 2731 in
827 2708 904 2744 qua
923 2702 1033 2730 natus

25 2757 96 2798 est,
115 2752 221 2791 valde
247 2755 428 2792 atrociter
459 2756 672 2793 commovit
698 2764 859 2801 terram,
881 2763 919 2792 et
938 2767 1034 2791 con-

27 2809 186 2850 twrbavit
198 2827 292 2854 eam.
310 2815 425 2854 Unde
442 2825 480 2854 et
497 2825 696 2855 accusatus
710 2817 814 2867 apud
832 2816 1034 2853 dominum

26 2873 159 2923 Papam
188 2875 388 2914 schismate
419 2877 607 2928 pessimo,
643 2878 761 2915 natali
787 2878 869 2914 solo
902 2877 1036 2927 pulsus

26 2939 81 2980 esi}
95 2947 104 2970 :
120 2935 231 2972 etiam
245 2945 284 2974 et
302 2937 482 2988 abjurare
503 2938 726 2989 compulsus
746 2937 1004 2974 reversionem
1024 2967 1033 2983 ‚

27 2990 95 3030 nisi
135 2994 183 3031 ad
211 2995 330 3047 ipsius
361 2999 577 3050 Apostolici
616 2998 924 3049 permissionem.
961 3002 1036 3036 Pro

0 3083 1 3095 ,
28 3050 134 3091 simili
151 3054 287 3096 deinde
312 3073 426 3097 causa
455 3069 493 3098 et
519 3074 541 3097 a
561 3073 681 3110 regno
702 3064 940 3098 Francorum
968 3073 1037 3096 ex—

29 3111 196 3154 turbatus
222 3127 279 3156 est
314 3121 578 3159 schismaticus
605 3121 775 3172 insignis.
809 3124 1036 3159 Exsecratus

29 3173 163 3226 ‘Ffippe
175 3190 197 3214 a
208 3181 322 3218 Petro
335 3183 530 3233 apostolo,
551 3182 763 3220 adhaeserat
779 3186 904 3219 Petro·
915 3180 1034 3217 Abac-

1102 2695 1204 2731 fcrus
1223 2692 1442 2744 religandus
1459 2700 1534 2737 est,
1557 2704 1604 2728 ne
1623 2689 1760 2728 Christi
1780 2689 1969 2738 irrumpat
1985 2686 2101 2723 ovilia
2116 2715 2124 2731 ‚

1104 2768 1197 2792 oves
1215 2763 1354 2792 mactet
1373 2763 1410 2791 et
1429 2752 1594 2803 perdat?

75 3317 86 3333 ¹
102 3314 215 3349 Matth.
233 3329 328 3358 xxw,
350 3323 407 3353 43.
425 3340 472 3345 —-
487 3327 500 3344 ²
518 3325 549 3354 11
565 3323 650 3355 Tim.
668 3334 730 3361 111,
752 3325 784 3353 5.
807 3340 850 3344 ——
865 3319 879 3345 3
899 3320 1015 3353 Matth.
1037 3333 1106 3359 vn,
1131 3324 1184 3351 15.
1204 3337 1250 3342 —-
1268 3318 1281 3345 4
1300 3318 1382 3350 Psal.
1403 3329 1458 3355 tx,
1478 3319 1534 3348 29.
1552 3336 1595 3339 ——
1615 3314 1628 3337 5
1649 3320 1663 3348 1
1682 3318 1754 3349 Cor.
1776 3327 1807 3353 v,
1833 3318 1885 3347 13.
1908 3334 1948 3337 fi
1970 3311 1985 3334 6
2007 3312 2127 3345 Cantic-

37 3375 74 3405 Π,
93 3370 145 3402 15.

1129 3380 1142 3395 ³
1160 3373 1282 3415 Scripta
1299 3383 1381 3403 anno
1401 3370 1515 3404 Christi
1539 3373 1548 3400 l
1563 3373 1572 3401 l
1589 3372 1639 3400 30.
