<?xml version="1.0" encoding="UTF-8"?>
<!DOCTYPE html PUBLIC "-//W3C//DTD XHTML 1.0 Transitional//EN"
    "http://www.w3.org/TR/xhtml1/DTD/xhtml1-transitional.dtd">
<html xmlns="http://www.w3.org/1999/xhtml" xml:lang="en" lang="en">
 <head>
  <title>
</title>
<meta http-equiv="Content-Type" content="text/html;charset=utf-8" />
  <meta name='ocr-system' content='tesseract 3.04.00' />
  <meta name='ocr-capabilities' content='ocr_page ocr_carea ocr_par ocr_line ocrx_word'/>
</head>
<body>
  <div class='ocr_page' id='page_1' title='image "./operaomniapostho01bernuoft_0252.png"; bbox 0 0 2533 3920; ppageno 0'>
   <div class='ocr_carea' id='block_1_1' title="bbox 358 187 432 224">
    <p class='ocr_par' dir='ltr' id='par_1_1' title="bbox 358 187 432 224">
     <span class='ocr_line' id='line_1_1' title="bbox 358 187 432 224; baseline 0 0"><span class='ocrx_word' id='word_1_1' title='bbox 358 187 432 224; x_wconf 75' lang='lat'>487</span> 
     </span>
    </p>
   </div>
   <div class='ocr_carea' id='block_1_2' title="bbox 361 342 1370 358">
    <p class='ocr_par' dir='ltr' id='par_1_2' title="bbox 361 342 1370 358">
     <span class='ocr_line' id='line_1_2' title="bbox 361 342 1370 358; baseline -0.008 0"><span class='ocrx_word' id='word_1_2' title='bbox 361 342 1370 358; x_wconf 45' lang='grc' dir='ltr'>ιιιιιιιιιιιιιιιιιιιιιιιιιιιιιιιιιιιιιιιιιιιιιιιιιιιιιιιιιιιιιιιιιιιι</span> 
     </span>
    </p>
   </div>
   <div class='ocr_carea' id='block_1_3' title="bbox 508 464 1224 525">
    <p class='ocr_par' dir='ltr' id='par_1_3' title="bbox 508 464 1224 525">
     <span class='ocr_line' id='line_1_3' title="bbox 508 464 1224 525; baseline -0.008 0"><span class='ocrx_word' id='word_1_3' title='bbox 508 465 877 525; x_wconf 84' lang='lat' dir='ltr'><strong>EPISTOLA</strong></span> <span class='ocrx_word' id='word_1_4' title='bbox 924 464 1224 521; x_wconf 81' lang='lat' dir='ltr'>CCXXX.</span> 
     </span>
    </p>
   </div>
   <div class='ocr_carea' id='block_1_4' title="bbox 363 625 1368 712">
    <p class='ocr_par' dir='ltr' id='par_1_4' title="bbox 363 625 1368 712">
     <span class='ocr_line' id='line_1_4' title="bbox 363 625 1368 660; baseline -0.011 -2"><span class='ocrx_word' id='word_1_5' title='bbox 363 636 410 658; x_wconf 73' lang='lat' dir='ltr'>An</span> <span class='ocrx_word' id='word_1_6' title='bbox 445 633 536 657; x_wconf 66' lang='lat' dir='ltr'>‘mes</span> <span class='ocrx_word' id='word_1_7' title='bbox 569 630 790 660; x_wconf 70' lang='lat' dir='ltr'>muscoi‘os,</span> <span class='ocrx_word' id='word_1_8' title='bbox 831 627 1064 660; x_wconf 55' lang='lat' dir='ltr'>mrumst-nt,</span> <span class='ocrx_word' id='word_1_9' title='bbox 1098 625 1368 657; x_wconf 62' lang='lat' dir='ltr'>Tcscrmxcn,</span> 
     </span>
     <span class='ocr_line' id='line_1_5' title="bbox 711 675 1024 712; baseline -0.006 0"><span class='ocrx_word' id='word_1_10' title='bbox 711 675 1024 712; x_wconf 61' lang='lat' dir='ltr'>Pnffixesrixm1*.</span> 
     </span>
    </p>
   </div>
   <div class='ocr_carea' id='block_1_5' title="bbox 364 799 1373 900">
    <p class='ocr_par' dir='ltr' id='par_1_5' title="bbox 364 799 1373 900">
     <span class='ocr_line' id='line_1_6' title="bbox 364 799 1373 844; baseline -0.011 -4"><span class='ocrx_word' id='word_1_11' title='bbox 364 812 474 841; x_wconf 73' lang='lat' dir='ltr'>Monet</span> <span class='ocrx_word' id='word_1_12' title='bbox 492 807 559 838; x_wconf 91' lang='lat' dir='ltr'>illos</span> <span class='ocrx_word' id='word_1_13' title='bbox 570 805 674 842; x_wconf 78' lang='lat' dir='ltr'>officii,</span> <span class='ocrx_word' id='word_1_14' title='bbox 688 811 721 836; x_wconf 89' lang='lat' dir='ltr'>ut</span> <span class='ocrx_word' id='word_1_15' title='bbox 735 815 752 835; x_wconf 90' lang='lat' dir='ltr'>a</span> <span class='ocrx_word' id='word_1_16' title='bbox 768 802 880 835; x_wconf 88' lang='lat' dir='ltr'>Christi</span> <span class='ocrx_word' id='word_1_17' title='bbox 894 813 983 844; x_wconf 81' lang='lat' dir='ltr'>grege</span> <span class='ocrx_word' id='word_1_18' title='bbox 999 801 1031 832; x_wconf 90' lang='lat' dir='ltr'>in</span> <span class='ocrx_word' id='word_1_19' title='bbox 1046 801 1226 843; x_wconf 84' lang='lat' dir='ltr'>episcopatu</span> <span class='ocrx_word' id='word_1_20' title='bbox 1239 799 1373 831; x_wconf 76' lang='lat' dir='ltr'>Metensi</span> 
     </span>
     <span class='ocr_line' id='line_1_7' title="bbox 739 859 989 900; baseline -0.008 -12"><span class='ocrx_word' id='word_1_21' title='bbox 739 859 830 900; x_wconf 84' lang='lat' dir='ltr'>lupos</span> <span class='ocrx_word' id='word_1_22' title='bbox 853 862 989 887; x_wconf 84' lang='lat' dir='ltr'>arceant.</span> 
     </span>
    </p>
   </div>
   <div class='ocr_carea' id='block_1_6' title="bbox 362 981 1380 2115">
    <p class='ocr_par' dir='ltr' id='par_1_6' title="bbox 362 981 1380 2115">
     <span class='ocr_line' id='line_1_8' title="bbox 417 981 1370 1031; baseline -0.012 -4"><span class='ocrx_word' id='word_1_23' title='bbox 417 990 477 1028; x_wconf 84' lang='lat' dir='ltr'>Ad</span> <span class='ocrx_word' id='word_1_24' title='bbox 502 989 575 1025; x_wconf 93' lang='lat' dir='ltr'>hoc</span> <span class='ocrx_word' id='word_1_25' title='bbox 601 999 669 1023; x_wconf 87' lang='lat' dir='ltr'>vos</span> <span class='ocrx_word' id='word_1_26' title='bbox 696 989 797 1022; x_wconf 90' lang='lat' dir='ltr'>Deus</span> <span class='ocrx_word' id='word_1_27' title='bbox 829 984 866 1020; x_wconf 91' lang='lat' dir='ltr'>in</span> <span class='ocrx_word' id='word_1_28' title='bbox 897 983 1129 1020; x_wconf 89' lang='lat' dir='ltr'>sublimitate</span> <span class='ocrx_word' id='word_1_29' title='bbox 1155 981 1306 1031; x_wconf 83' lang='lat' dir='ltr'>posuit,</span> <span class='ocrx_word' id='word_1_30' title='bbox 1329 989 1370 1017; x_wconf 89' lang='lat' dir='ltr'>ut</span> 
     </span>
     <span class='ocr_line' id='line_1_9' title="bbox 365 1041 1368 1097; baseline -0.013 -9"><span class='ocrx_word' id='word_1_31' title='bbox 365 1059 471 1088; x_wconf 83' lang='lat' dir='ltr'>tanto</span> <span class='ocrx_word' id='word_1_32' title='bbox 506 1046 642 1097; x_wconf 87' lang='lat' dir='ltr'>majori</span> <span class='ocrx_word' id='word_1_33' title='bbox 680 1045 856 1083; x_wconf 65' lang='lat' dir='ltr'>Ecclesiae</span> <span class='ocrx_word' id='word_1_34' title='bbox 894 1055 971 1080; x_wconf 83' lang='lat' dir='ltr'>suae</span> <span class='ocrx_word' id='word_1_35' title='bbox 1011 1042 1165 1078; x_wconf 81' lang='lat' dir='ltr'>utilitati</span> <span class='ocrx_word' id='word_1_36' title='bbox 1203 1041 1340 1077; x_wconf 87' lang='lat' dir='ltr'>vivatis</span> <span class='ocrx_word' id='word_1_37' title='bbox 1359 1069 1368 1087; x_wconf 92' lang='lat'>,</span> 
     </span>
     <span class='ocr_line' id='line_1_10' title="bbox 364 1100 1369 1159; baseline -0.009 -14"><span class='ocrx_word' id='word_1_38' title='bbox 364 1117 508 1159; x_wconf 85' lang='lat' dir='ltr'>quanto</span> <span class='ocrx_word' id='word_1_39' title='bbox 530 1108 569 1143; x_wconf 88' lang='lat' dir='ltr'>in</span> <span class='ocrx_word' id='word_1_40' title='bbox 598 1119 641 1142; x_wconf 88' lang='lat' dir='ltr'>ea</span> <span class='ocrx_word' id='word_1_41' title='bbox 665 1102 908 1142; x_wconf 82' lang='lat' dir='ltr'>eminentiori</span> <span class='ocrx_word' id='word_1_42' title='bbox 935 1101 1162 1138; x_wconf 87' lang='lat' dir='ltr'>auctoritate</span> <span class='ocrx_word' id='word_1_43' title='bbox 1185 1100 1369 1150; x_wconf 83' lang='lat' dir='ltr'>praeestis.</span> 
     </span>
     <span class='ocr_line' id='line_1_11' title="bbox 362 1159 1372 1218; baseline -0.012 -11"><span class='ocrx_word' id='word_1_44' title='bbox 362 1168 542 1218; x_wconf 81' lang='lat' dir='ltr'>Alioquin</span> <span class='ocrx_word' id='word_1_45' title='bbox 563 1165 731 1216; x_wconf 77' lang='lat' dir='ltr'>deponet</span> <span class='ocrx_word' id='word_1_46' title='bbox 749 1163 812 1199; x_wconf 89' lang='lat' dir='ltr'>ille</span> <span class='ocrx_word' id='word_1_47' title='bbox 833 1161 1104 1199; x_wconf 83' lang='lat' dir='ltr'>Paterfamilias</span> <span class='ocrx_word' id='word_1_48' title='bbox 1127 1168 1304 1210; x_wconf 86' lang='lat' dir='ltr'>potentes</span> <span class='ocrx_word' id='word_1_49' title='bbox 1326 1159 1372 1196; x_wconf 90' lang='lat' dir='ltr'>de</span> 
     </span>
     <span class='ocr_line' id='line_1_12' title="bbox 365 1219 1373 1277; baseline -0.012 -11"><span class='ocrx_word' id='word_1_50' title='bbox 365 1229 453 1266; x_wconf 91' lang='lat' dir='ltr'>sede</span> <span class='ocrx_word' id='word_1_51' title='bbox 467 1257 476 1274; x_wconf 96' lang='lat'>,</span> <span class='ocrx_word' id='word_1_52' title='bbox 497 1226 562 1277; x_wconf 90' lang='lat' dir='ltr'>qui</span> <span class='ocrx_word' id='word_1_53' title='bbox 584 1239 655 1276; x_wconf 89' lang='lat' dir='ltr'>pro</span> <span class='ocrx_word' id='word_1_54' title='bbox 681 1231 837 1273; x_wconf 86' lang='lat' dir='ltr'>accepta</span> <span class='ocrx_word' id='word_1_55' title='bbox 857 1228 1045 1271; x_wconf 82' lang='lat' dir='ltr'>potestate</span> <span class='ocrx_word' id='word_1_56' title='bbox 1062 1220 1208 1256; x_wconf 85' lang='lat' dir='ltr'>inventi</span> <span class='ocrx_word' id='word_1_57' title='bbox 1231 1219 1373 1256; x_wconf 83' lang='lat' dir='ltr'>fuerint</span> 
     </span>
     <span class='ocr_line' id='line_1_13' title="bbox 365 1279 1371 1328; baseline -0.012 -2"><span class='ocrx_word' id='word_1_58' title='bbox 365 1289 441 1326; x_wconf 89' lang='lat' dir='ltr'>suis</span> <span class='ocrx_word' id='word_1_59' title='bbox 493 1284 719 1324; x_wconf 78' lang='lat' dir='ltr'>utilitatibus</span> <span class='ocrx_word' id='word_1_60' title='bbox 767 1282 943 1318; x_wconf 73' lang='lat' dir='ltr'>defuisse.</span> <span class='ocrx_word' id='word_1_61' title='bbox 985 1283 1135 1328; x_wconf 86' lang='lat' dir='ltr'>Quanta</span> <span class='ocrx_word' id='word_1_62' title='bbox 1187 1279 1371 1315; x_wconf 87' lang='lat' dir='ltr'>sustineat</span> 
     </span>
     <span class='ocr_line' id='line_1_14' title="bbox 365 1339 1368 1400; baseline -0.012 -14"><span class='ocrx_word' id='word_1_63' title='bbox 365 1361 506 1400; x_wconf 89' lang='lat' dir='ltr'>sponsa</span> <span class='ocrx_word' id='word_1_64' title='bbox 531 1345 669 1385; x_wconf 86' lang='lat' dir='ltr'>Christi</span> <span class='ocrx_word' id='word_1_65' title='bbox 697 1343 836 1379; x_wconf 88' lang='lat' dir='ltr'>damna</span> <span class='ocrx_word' id='word_1_66' title='bbox 860 1341 898 1377; x_wconf 90' lang='lat' dir='ltr'>in</span> <span class='ocrx_word' id='word_1_67' title='bbox 920 1341 1145 1390; x_wconf 86' lang='lat' dir='ltr'>episcopatu</span> <span class='ocrx_word' id='word_1_68' title='bbox 1164 1339 1368 1385; x_wconf 70' lang='lat' dir='ltr'>Metensi³‚</span> 
     </span>
     <span class='ocr_line' id='line_1_15' title="bbox 366 1399 1371 1456; baseline -0.012 -10"><span class='ocrx_word' id='word_1_69' title='bbox 366 1409 435 1446; x_wconf 83' lang='lat' dir='ltr'>etsi</span> <span class='ocrx_word' id='word_1_70' title='bbox 459 1421 529 1444; x_wconf 88' lang='lat' dir='ltr'>nos</span> <span class='ocrx_word' id='word_1_71' title='bbox 553 1405 716 1456; x_wconf 87' lang='lat' dir='ltr'>amplius</span> <span class='ocrx_word' id='word_1_72' title='bbox 736 1403 958 1446; x_wconf 87' lang='lat' dir='ltr'>horremus,</span> <span class='ocrx_word' id='word_1_73' title='bbox 979 1400 1069 1449; x_wconf 89' lang='lat' dir='ltr'>quia</span> <span class='ocrx_word' id='word_1_74' title='bbox 1088 1399 1289 1436; x_wconf 76' lang='lat' dir='ltr'>viciniores</span> <span class='ocrx_word' id='word_1_75' title='bbox 1310 1413 1371 1436; x_wconf 84' lang='lat' dir='ltr'>su-</span> 
     </span>
     <span class='ocr_line' id='line_1_16' title="bbox 365 1460 1368 1514; baseline -0.009 -9"><span class='ocrx_word' id='word_1_76' title='bbox 365 1482 450 1505; x_wconf 87' lang='lat' dir='ltr'>mus</span> <span class='ocrx_word' id='word_1_77' title='bbox 473 1497 482 1514; x_wconf 87' lang='lat'>,</span> <span class='ocrx_word' id='word_1_78' title='bbox 515 1476 642 1504; x_wconf 90' lang='lat' dir='ltr'>tamen</span> <span class='ocrx_word' id='word_1_79' title='bbox 675 1473 712 1501; x_wconf 88' lang='lat' dir='ltr'>et</span> <span class='ocrx_word' id='word_1_80' title='bbox 740 1476 808 1500; x_wconf 88' lang='lat' dir='ltr'>vos</span> <span class='ocrx_word' id='word_1_81' title='bbox 840 1461 1006 1499; x_wconf 84' lang='lat' dir='ltr'>arbitror</span> <span class='ocrx_word' id='word_1_82' title='bbox 1036 1473 1115 1496; x_wconf 89' lang='lat' dir='ltr'>non</span> <span class='ocrx_word' id='word_1_83' title='bbox 1149 1460 1278 1496; x_wconf 88' lang='lat' dir='ltr'>latere.</span> <span class='ocrx_word' id='word_1_84' title='bbox 1312 1463 1368 1497; x_wconf 89' lang='lat' dir='ltr'>En</span> 
     </span>
     <span class='ocr_line' id='line_1_17' title="bbox 365 1520 1370 1578; baseline -0.009 -13"><span class='ocrx_word' id='word_1_85' title='bbox 365 1536 532 1578; x_wconf 87' lang='lat' dir='ltr'>quantus</span> <span class='ocrx_word' id='word_1_86' title='bbox 552 1527 665 1575; x_wconf 84' lang='lat' dir='ltr'>lupus</span> <span class='ocrx_word' id='word_1_87' title='bbox 691 1523 786 1561; x_wconf 89' lang='lat' dir='ltr'>illud</span> <span class='ocrx_word' id='word_1_88' title='bbox 815 1523 914 1559; x_wconf 86' lang='lat' dir='ltr'>ovile</span> <span class='ocrx_word' id='word_1_89' title='bbox 940 1521 1077 1558; x_wconf 89' lang='lat' dir='ltr'>Christi</span> <span class='ocrx_word' id='word_1_90' title='bbox 1096 1529 1175 1557; x_wconf 91' lang='lat' dir='ltr'>tum</span> <span class='ocrx_word' id='word_1_91' title='bbox 1197 1520 1344 1558; x_wconf 80' lang='lat' dir='ltr'>insidiis</span> <span class='ocrx_word' id='word_1_92' title='bbox 1361 1550 1370 1567; x_wconf 89' lang='lat'>‚</span> 
     </span>
     <span class='ocr_line' id='line_1_18' title="bbox 370 1581 1373 1632; baseline -0.009 -7"><span class='ocrx_word' id='word_1_93' title='bbox 370 1597 450 1625; x_wconf 90' lang='lat' dir='ltr'>tum</span> <span class='ocrx_word' id='word_1_94' title='bbox 476 1586 686 1624; x_wconf 84' lang='lat' dir='ltr'>manifestis</span> <span class='ocrx_word' id='word_1_95' title='bbox 711 1582 917 1621; x_wconf 85' lang='lat' dir='ltr'>assultibus</span> <span class='ocrx_word' id='word_1_96' title='bbox 949 1581 1121 1632; x_wconf 84' lang='lat' dir='ltr'>quotidie</span> <span class='ocrx_word' id='word_1_97' title='bbox 1148 1581 1305 1618; x_wconf 88' lang='lat' dir='ltr'>molitur</span> <span class='ocrx_word' id='word_1_98' title='bbox 1320 1581 1373 1617; x_wconf 88' lang='lat' dir='ltr'>ir-</span> 
     </span>
     <span class='ocr_line' id='line_1_19' title="bbox 369 1641 1374 1698; baseline -0.01 -12"><span class='ocrx_word' id='word_1_99' title='bbox 369 1661 571 1698; x_wconf 85' lang='lat' dir='ltr'>rumpere,</span> <span class='ocrx_word' id='word_1_100' title='bbox 593 1655 631 1683; x_wconf 94' lang='lat' dir='ltr'>et</span> <span class='ocrx_word' id='word_1_101' title='bbox 660 1644 880 1695; x_wconf 84' lang='lat' dir='ltr'>disperdere</span> <span class='ocrx_word' id='word_1_102' title='bbox 911 1655 1001 1679; x_wconf 89' lang='lat' dir='ltr'>oves</span> <span class='ocrx_word' id='word_1_103' title='bbox 1025 1641 1163 1678; x_wconf 84' lang='lat' dir='ltr'>Christi</span> <span class='ocrx_word' id='word_1_104' title='bbox 1190 1641 1374 1690; x_wconf 87' lang='lat' dir='ltr'>sanguine</span> 
     </span>
     <span class='ocr_line' id='line_1_20' title="bbox 369 1702 1373 1759; baseline -0.009 -12"><span class='ocrx_word' id='word_1_105' title='bbox 369 1716 626 1759; x_wconf 82' lang='lat' dir='ltr'>congregatas.</span> <span class='ocrx_word' id='word_1_106' title='bbox 641 1707 762 1756; x_wconf 88' lang='lat' dir='ltr'>quue</span> <span class='ocrx_word' id='word_1_107' title='bbox 780 1718 855 1741; x_wconf 87' lang='lat' dir='ltr'>non</span> <span class='ocrx_word' id='word_1_108' title='bbox 871 1703 918 1741; x_wconf 87' lang='lat' dir='ltr'>ab</span> <span class='ocrx_word' id='word_1_109' title='bbox 936 1703 1018 1740; x_wconf 89' lang='lat' dir='ltr'>heri</span> <span class='ocrx_word' id='word_1_110' title='bbox 1032 1712 1070 1740; x_wconf 92' lang='lat' dir='ltr'>et</span> <span class='ocrx_word' id='word_1_111' title='bbox 1084 1702 1373 1748; x_wconf 79' lang='lat' dir='ltr'>nudiustertius,</span> 
     </span>
     <span class='ocr_line' id='line_1_21' title="bbox 369 1764 1376 1818; baseline -0.009 -11"><span class='ocrx_word' id='word_1_112' title='bbox 369 1769 434 1807; x_wconf 90' lang='lat' dir='ltr'>sed</span> <span class='ocrx_word' id='word_1_113' title='bbox 455 1782 502 1806; x_wconf 85' lang='lat' dir='ltr'>ex</span> <span class='ocrx_word' id='word_1_114' title='bbox 523 1781 600 1818; x_wconf 90' lang='lat' dir='ltr'>quo</span> <span class='ocrx_word' id='word_1_115' title='bbox 627 1766 750 1803; x_wconf 86' lang='lat' dir='ltr'>adhuc</span> <span class='ocrx_word' id='word_1_116' title='bbox 771 1766 893 1802; x_wconf 86' lang='lat' dir='ltr'>fuerat</span> <span class='ocrx_word' id='word_1_117' title='bbox 913 1764 1112 1815; x_wconf 85' lang='lat' dir='ltr'>lupicellus</span> <span class='ocrx_word' id='word_1_118' title='bbox 1129 1793 1138 1810; x_wconf 90' lang='lat'>‚</span> <span class='ocrx_word' id='word_1_119' title='bbox 1160 1776 1237 1799; x_wconf 89' lang='lat' dir='ltr'>non</span> <span class='ocrx_word' id='word_1_120' title='bbox 1256 1771 1376 1799; x_wconf 88' lang='lat' dir='ltr'>cessat</span> 
     </span>
     <span class='ocr_line' id='line_1_22' title="bbox 367 1823 1376 1876; baseline -0.009 -8"><span class='ocrx_word' id='word_1_121' title='bbox 367 1832 475 1868; x_wconf 88' lang='lat' dir='ltr'>illum</span> <span class='ocrx_word' id='word_1_122' title='bbox 497 1828 734 1866; x_wconf 89' lang='lat' dir='ltr'>dominicum</span> <span class='ocrx_word' id='word_1_123' title='bbox 753 1839 903 1876; x_wconf 80' lang='lat' dir='ltr'>gregem</span> <span class='ocrx_word' id='word_1_124' title='bbox 927 1824 1065 1875; x_wconf 88' lang='lat' dir='ltr'>quibus</span> <span class='ocrx_word' id='word_1_125' title='bbox 1085 1833 1211 1874; x_wconf 87' lang='lat' dir='ltr'>potest</span> <span class='ocrx_word' id='word_1_126' title='bbox 1231 1823 1376 1859; x_wconf 87' lang='lat' dir='ltr'>viribus</span> 
     </span>
     <span class='ocr_line' id='line_1_23' title="bbox 366 1883 1376 1936; baseline -0.008 -9"><span class='ocrx_word' id='word_1_127' title='bbox 366 1891 546 1927; x_wconf 87' lang='lat' dir='ltr'>infestare</span> <span class='ocrx_word' id='word_1_128' title='bbox 559 1917 568 1935; x_wconf 91' lang='lat'>,</span> <span class='ocrx_word' id='word_1_129' title='bbox 588 1897 626 1925; x_wconf 91' lang='lat' dir='ltr'>et</span> <span class='ocrx_word' id='word_1_130' title='bbox 640 1896 788 1924; x_wconf 90' lang='lat' dir='ltr'>vastare</span> <span class='ocrx_word' id='word_1_131' title='bbox 807 1886 949 1936; x_wconf 85' lang='lat' dir='ltr'>rapinis</span> <span class='ocrx_word' id='word_1_132' title='bbox 961 1915 970 1932; x_wconf 95' lang='lat'>,</span> <span class='ocrx_word' id='word_1_133' title='bbox 987 1885 1192 1930; x_wconf 86' lang='lat' dir='ltr'>incendiis,</span> <span class='ocrx_word' id='word_1_134' title='bbox 1213 1883 1376 1920; x_wconf 77' lang='lat' dir='ltr'>homici-</span> 
     </span>
     <span class='ocr_line' id='line_1_24' title="bbox 373 1944 1379 1999; baseline -0.008 -12"><span class='ocrx_word' id='word_1_135' title='bbox 373 1950 456 1987; x_wconf 88' lang='lat' dir='ltr'>diis.</span> <span class='ocrx_word' id='word_1_136' title='bbox 482 1952 562 1999; x_wconf 86' lang='lat' dir='ltr'>Ego</span> <span class='ocrx_word' id='word_1_137' title='bbox 588 1949 739 1997; x_wconf 87' lang='lat' dir='ltr'>itaque,</span> <span class='ocrx_word' id='word_1_138' title='bbox 764 1946 868 1996; x_wconf 86' lang='lat' dir='ltr'>quod</span> <span class='ocrx_word' id='word_1_139' title='bbox 898 1946 936 1982; x_wconf 90' lang='lat' dir='ltr'>in</span> <span class='ocrx_word' id='word_1_140' title='bbox 964 1959 1022 1982; x_wconf 90' lang='lat' dir='ltr'>me</span> <span class='ocrx_word' id='word_1_141' title='bbox 1049 1953 1126 1991; x_wconf 91' lang='lat' dir='ltr'>est,</span> <span class='ocrx_word' id='word_1_142' title='bbox 1157 1944 1379 1980; x_wconf 90' lang='lat' dir='ltr'>demonstro</span> 
     </span>
     <span class='ocr_line' id='line_1_25' title="bbox 369 2005 1377 2061; baseline -0.01 -13"><span class='ocrx_word' id='word_1_143' title='bbox 369 2012 504 2061; x_wconf 89' lang='lat' dir='ltr'>lupum</span> <span class='ocrx_word' id='word_1_144' title='bbox 522 2039 532 2055; x_wconf 88' lang='lat'>‚</span> <span class='ocrx_word' id='word_1_145' title='bbox 549 2009 687 2058; x_wconf 89' lang='lat' dir='ltr'>instigo</span> <span class='ocrx_word' id='word_1_146' title='bbox 702 2020 813 2044; x_wconf 85' lang='lat' dir='ltr'>canes</span> <span class='ocrx_word' id='word_1_147' title='bbox 829 2005 929 2055; x_wconf 84' lang='lat' dir='ltr'>:jam</span> <span class='ocrx_word' id='word_1_148' title='bbox 948 2006 1039 2056; x_wconf 87' lang='lat' dir='ltr'>quid</span> <span class='ocrx_word' id='word_1_149' title='bbox 1064 2005 1211 2042; x_wconf 87' lang='lat' dir='ltr'>intersit</span> <span class='ocrx_word' id='word_1_150' title='bbox 1232 2012 1356 2040; x_wconf 90' lang='lat' dir='ltr'>vestra</span> <span class='ocrx_word' id='word_1_151' title='bbox 1368 2031 1377 2049; x_wconf 93' lang='lat'>,</span> 
     </span>
     <span class='ocr_line' id='line_1_26' title="bbox 370 2064 1380 2115; baseline -0.008 -8"><span class='ocrx_word' id='word_1_152' title='bbox 370 2084 440 2107; x_wconf 82' lang='lat' dir='ltr'>vos</span> <span class='ocrx_word' id='word_1_153' title='bbox 462 2068 658 2115; x_wconf 83' lang='lat' dir='ltr'>videritis;</span> <span class='ocrx_word' id='word_1_154' title='bbox 684 2080 810 2104; x_wconf 87' lang='lat' dir='ltr'>meum</span> <span class='ocrx_word' id='word_1_155' title='bbox 837 2080 916 2104; x_wconf 94' lang='lat' dir='ltr'>non</span> <span class='ocrx_word' id='word_1_156' title='bbox 942 2075 998 2103; x_wconf 90' lang='lat' dir='ltr'>est</span> <span class='ocrx_word' id='word_1_157' title='bbox 1023 2066 1162 2103; x_wconf 89' lang='lat' dir='ltr'>docere</span> <span class='ocrx_word' id='word_1_158' title='bbox 1187 2064 1380 2101; x_wconf 88' lang='lat' dir='ltr'>doctores.</span> 
     </span>
    </p>
   </div>
   <div class='ocr_carea' id='block_1_7' title="bbox 374 2201 1379 2219">
    <p class='ocr_par' dir='ltr' id='par_1_7' title="bbox 374 2201 1379 2219">
     <span class='ocr_line' id='line_1_27' title="bbox 374 2201 1379 2219; baseline -0.009 0"><span class='ocrx_word' id='word_1_159' title='bbox 374 2201 1379 2219; x_wconf 50' lang='lat'>======================================================================</span> 
     </span>
    </p>
   </div>
   <div class='ocr_carea' id='block_1_8' title="bbox 488 2328 1242 2386">
    <p class='ocr_par' dir='ltr' id='par_1_8' title="bbox 488 2328 1242 2386">
     <span class='ocr_line' id='line_1_28' title="bbox 488 2328 1242 2386; baseline -0.005 -1"><span class='ocrx_word' id='word_1_160' title='bbox 488 2328 861 2385; x_wconf 80' lang='lat' dir='ltr'><strong>EPISTOLA</strong></span> <span class='ocrx_word' id='word_1_161' title='bbox 917 2328 1242 2386; x_wconf 85' lang='lat' dir='ltr'>CCXXXI.</span> 
     </span>
    </p>
   </div>
   <div class='ocr_carea' id='block_1_9' title="bbox 461 2476 1286 2516">
    <p class='ocr_par' dir='ltr' id='par_1_9' title="bbox 461 2476 1286 2516">
     <span class='ocr_line' id='line_1_29' title="bbox 461 2476 1286 2516; baseline -0.005 0"><span class='ocrx_word' id='word_1_162' title='bbox 461 2493 508 2515; x_wconf 74' lang='lat' dir='ltr'>AD</span> <span class='ocrx_word' id='word_1_163' title='bbox 538 2492 683 2516; x_wconf 74' lang='lat' dir='ltr'>EOSDEM</span> <span class='ocrx_word' id='word_1_164' title='bbox 714 2491 782 2514; x_wconf 69' lang='lat' dir='ltr'>PRO</span> <span class='ocrx_word' id='word_1_165' title='bbox 812 2491 954 2514; x_wconf 67' lang='lat' dir='ltr'>ABBATE</span> <span class='ocrx_word' id='word_1_166' title='bbox 983 2489 1245 2513; x_wconf 67' lang='lat' dir='ltr'>LATINIACENSI</span> <span class='ocrx_word' id='word_1_167' title='bbox 1259 2476 1286 2512; x_wconf 73' lang='lat'>*-</span> 
     </span>
    </p>
   </div>
   <div class='ocr_carea' id='block_1_10' title="bbox 372 2611 1382 2654">
    <p class='ocr_par' dir='ltr' id='par_1_10' title="bbox 372 2611 1382 2654">
     <span class='ocr_line' id='line_1_30' title="bbox 372 2611 1382 2654; baseline -0.007 -6"><span class='ocrx_word' id='word_1_168' title='bbox 372 2615 586 2648; x_wconf 84' lang='lat' dir='ltr'>Innocentiam</span> <span class='ocrx_word' id='word_1_169' title='bbox 610 2613 731 2646; x_wconf 84' lang='lat' dir='ltr'>abbatis</span> <span class='ocrx_word' id='word_1_170' title='bbox 751 2613 858 2644; x_wconf 88' lang='lat' dir='ltr'>asserit</span> <span class='ocrx_word' id='word_1_171' title='bbox 877 2623 912 2644; x_wconf 85' lang='lat' dir='ltr'>ac</span> <span class='ocrx_word' id='word_1_172' title='bbox 938 2618 1062 2650; x_wconf 87' lang='lat' dir='ltr'>tuetur,</span> <span class='ocrx_word' id='word_1_173' title='bbox 1091 2618 1121 2643; x_wconf 86' lang='lat' dir='ltr'>et</span> <span class='ocrx_word' id='word_1_174' title='bbox 1138 2611 1239 2654; x_wconf 83' lang='lat' dir='ltr'>capita</span> <span class='ocrx_word' id='word_1_175' title='bbox 1258 2621 1382 2642; x_wconf 88' lang='lat' dir='ltr'>accusa-</span> 
     </span>
    </p>
   </div>
   <div class='ocr_carea' id='block_1_11' title="bbox 420 2664 1383 2709">
    <p class='ocr_par' dir='ltr' id='par_1_11' title="bbox 420 2664 1383 2709">
     <span class='ocr_line' id='line_1_31' title="bbox 420 2664 1383 2709; baseline -0.006 -8"><span class='ocrx_word' id='word_1_176' title='bbox 420 2671 541 2701; x_wconf 82' lang='lat' dir='ltr'>tionum</span> <span class='ocrx_word' id='word_1_177' title='bbox 564 2669 597 2699; x_wconf 89' lang='lat' dir='ltr'>in</span> <span class='ocrx_word' id='word_1_178' title='bbox 618 2678 690 2699; x_wconf 89' lang='lat' dir='ltr'>eum</span> <span class='ocrx_word' id='word_1_179' title='bbox 711 2666 864 2709; x_wconf 88' lang='lat' dir='ltr'>producta</span> <span class='ocrx_word' id='word_1_180' title='bbox 883 2666 985 2697; x_wconf 86' lang='lat' dir='ltr'>diluit.</span> <span class='ocrx_word' id='word_1_181' title='bbox 1007 2666 1151 2707; x_wconf 86' lang='lat' dir='ltr'>Denique</span> <span class='ocrx_word' id='word_1_182' title='bbox 1176 2664 1278 2696; x_wconf 87' lang='lat' dir='ltr'>zelum</span> <span class='ocrx_word' id='word_1_183' title='bbox 1296 2664 1383 2696; x_wconf 85' lang='lat' dir='ltr'>disci-</span> 
     </span>
    </p>
   </div>
   <div class='ocr_carea' id='block_1_12' title="bbox 418 2720 966 2768">
    <p class='ocr_par' dir='ltr' id='par_1_12' title="bbox 418 2720 966 2768">
     <span class='ocr_line' id='line_1_32' title="bbox 418 2720 966 2768; baseline -0.011 -12"><span class='ocrx_word' id='word_1_184' title='bbox 418 2725 511 2768; x_wconf 76' lang='lat' dir='ltr'>plinae</span> <span class='ocrx_word' id='word_1_185' title='bbox 527 2723 676 2765; x_wconf 67' lang='lat' dir='ltr'>religiosae</span> <span class='ocrx_word' id='word_1_186' title='bbox 692 2721 725 2752; x_wconf 90' lang='lat' dir='ltr'>in</span> <span class='ocrx_word' id='word_1_187' title='bbox 739 2721 813 2764; x_wconf 90' lang='lat' dir='ltr'>ipsis</span> <span class='ocrx_word' id='word_1_188' title='bbox 826 2720 966 2763; x_wconf 85' lang='lat' dir='ltr'>requirit.</span> 
     </span>
    </p>
   </div>
   <div class='ocr_carea' id='block_1_13' title="bbox 371 2846 1380 3021">
    <p class='ocr_par' dir='ltr' id='par_1_13' title="bbox 371 2846 1380 3021">
     <span class='ocr_line' id='line_1_33' title="bbox 432 2846 1380 2897; baseline -0.006 -9"><span class='ocrx_word' id='word_1_189' title='bbox 432 2854 464 2889; x_wconf 92' lang='lat'>1.</span> <span class='ocrx_word' id='word_1_190' title='bbox 495 2850 611 2887; x_wconf 76' lang='lat' dir='ltr'>Vobis</span> <span class='ocrx_word' id='word_1_191' title='bbox 640 2849 763 2886; x_wconf 91' lang='lat' dir='ltr'>audeo</span> <span class='ocrx_word' id='word_1_192' title='bbox 793 2847 899 2897; x_wconf 83' lang='lat' dir='ltr'>loqui</span> <span class='ocrx_word' id='word_1_193' title='bbox 932 2846 1121 2897; x_wconf 85' lang='lat' dir='ltr'>quidquid</span> <span class='ocrx_word' id='word_1_194' title='bbox 1149 2846 1187 2883; x_wconf 91' lang='lat' dir='ltr'>in</span> <span class='ocrx_word' id='word_1_195' title='bbox 1222 2846 1380 2883; x_wconf 88' lang='lat' dir='ltr'>buccam</span> 
     </span>
     <span class='ocr_line' id='line_1_34' title="bbox 371 2907 1375 2958; baseline -0.005 -10"><span class='ocrx_word' id='word_1_196' title='bbox 371 2911 531 2948; x_wconf 86' lang='lat' dir='ltr'>venerit.</span> <span class='ocrx_word' id='word_1_197' title='bbox 555 2914 647 2947; x_wconf 72' lang='lat' dir='ltr'>Nam</span> <span class='ocrx_word' id='word_1_198' title='bbox 667 2909 736 2945; x_wconf 88' lang='lat' dir='ltr'>etsi</span> <span class='ocrx_word' id='word_1_199' title='bbox 753 2908 968 2958; x_wconf 77' lang='lat' dir='ltr'>oportuerit</span> <span class='ocrx_word' id='word_1_200' title='bbox 988 2907 1164 2944; x_wconf 87' lang='lat' dir='ltr'>sustiueri</span> <span class='ocrx_word' id='word_1_201' title='bbox 1182 2907 1375 2944; x_wconf 85' lang='lat' dir='ltr'>modicum</span> 
     </span>
     <span class='ocr_line' id='line_1_35' title="bbox 372 2962 1375 3021; baseline -0.003 -14"><span class='ocrx_word' id='word_1_202' title='bbox 372 2969 466 3021; x_wconf 90' lang='lat' dir='ltr'>quid</span> <span class='ocrx_word' id='word_1_203' title='bbox 481 2962 706 3020; x_wconf 81' lang='lat' dir='ltr'>insipientiae</span> <span class='ocrx_word' id='word_1_204' title='bbox 728 2981 839 3013; x_wconf 83' lang='lat' dir='ltr'>meae,</span> <span class='ocrx_word' id='word_1_205' title='bbox 860 2975 964 3017; x_wconf 84' lang='lat' dir='ltr'>geret</span> <span class='ocrx_word' id='word_1_206' title='bbox 986 2966 1076 3003; x_wconf 90' lang='lat' dir='ltr'>mihi</span> <span class='ocrx_word' id='word_1_207' title='bbox 1098 2967 1232 3016; x_wconf 89' lang='lat' dir='ltr'>procul</span> <span class='ocrx_word' id='word_1_208' title='bbox 1256 2967 1375 3004; x_wconf 90' lang='lat' dir='ltr'>dubio</span> 
     </span>
    </p>
   </div>
   <div class='ocr_carea' id='block_1_14' title="bbox 373 3027 1385 3140">
    <p class='ocr_par' dir='ltr' id='par_1_14' title="bbox 373 3027 1385 3140">
     <span class='ocr_line' id='line_1_36' title="bbox 373 3027 1385 3077; baseline -0.004 -9"><span class='ocrx_word' id='word_1_209' title='bbox 373 3043 520 3068; x_wconf 90' lang='lat' dir='ltr'>morem</span> <span class='ocrx_word' id='word_1_210' title='bbox 542 3028 808 3066; x_wconf 69' lang='lat' dir='ltr'>benevolentia</span> <span class='ocrx_word' id='word_1_211' title='bbox 827 3037 970 3073; x_wconf 84' lang='lat' dir='ltr'>vestra,</span> <span class='ocrx_word' id='word_1_212' title='bbox 991 3040 1075 3077; x_wconf 85' lang='lat' dir='ltr'>quae</span> <span class='ocrx_word' id='word_1_213' title='bbox 1092 3027 1328 3077; x_wconf 87' lang='lat' dir='ltr'>sapientibus</span> <span class='ocrx_word' id='word_1_214' title='bbox 1347 3036 1385 3065; x_wconf 85' lang='lat' dir='ltr'>et</span> 
     </span>
     <span class='ocr_line' id='line_1_37' title="bbox 373 3087 1384 3140; baseline -0.003 -12"><span class='ocrx_word' id='word_1_215' title='bbox 373 3088 642 3140; x_wconf 84' lang='lat' dir='ltr'>insipientibus</span> <span class='ocrx_word' id='word_1_216' title='bbox 654 3087 821 3125; x_wconf 79' lang='lat' dir='ltr'>debitrix</span> <span class='ocrx_word' id='word_1_217' title='bbox 838 3097 905 3125; x_wconf 87' lang='lat' dir='ltr'>est.</span> <span class='ocrx_word' id='word_1_218' title='bbox 926 3091 971 3124; x_wconf 79' lang='lat' dir='ltr'>Et</span> <span class='ocrx_word' id='word_1_219' title='bbox 991 3088 1066 3124; x_wconf 89' lang='lat' dir='ltr'>hoc</span> <span class='ocrx_word' id='word_1_220' title='bbox 1084 3087 1182 3134; x_wconf 85' lang='lat' dir='ltr'>dico,</span> <span class='ocrx_word' id='word_1_221' title='bbox 1198 3101 1275 3124; x_wconf 93' lang='lat' dir='ltr'>non</span> <span class='ocrx_word' id='word_1_222' title='bbox 1296 3089 1384 3137; x_wconf 89' lang='lat' dir='ltr'>quia</span> 
     </span>
    </p>
   </div>
   <div class='ocr_carea' id='block_1_15' title="bbox 373 3148 1382 3261">
    <p class='ocr_par' dir='ltr' id='par_1_15' title="bbox 373 3148 1382 3261">
     <span class='ocr_line' id='line_1_38' title="bbox 373 3148 1382 3200; baseline -0.002 -12"><span class='ocrx_word' id='word_1_223' title='bbox 373 3152 534 3200; x_wconf 84' lang='lat' dir='ltr'>cogitem</span> <span class='ocrx_word' id='word_1_224' title='bbox 560 3149 799 3200; x_wconf 75' lang='lat' dir='ltr'>praecipitare</span> <span class='ocrx_word' id='word_1_225' title='bbox 828 3148 987 3185; x_wconf 90' lang='lat' dir='ltr'>verbum</span> <span class='ocrx_word' id='word_1_226' title='bbox 1009 3149 1111 3198; x_wconf 90' lang='lat' dir='ltr'>quod</span> <span class='ocrx_word' id='word_1_227' title='bbox 1135 3148 1181 3184; x_wconf 89' lang='lat' dir='ltr'>ad</span> <span class='ocrx_word' id='word_1_228' title='bbox 1201 3162 1281 3185; x_wconf 88' lang='lat' dir='ltr'>rem</span> <span class='ocrx_word' id='word_1_229' title='bbox 1305 3162 1382 3186; x_wconf 92' lang='lat' dir='ltr'>non</span> 
     </span>
     <span class='ocr_line' id='line_1_39' title="bbox 374 3208 1381 3261; baseline -0.001 -13"><span class='ocrx_word' id='word_1_230' title='bbox 374 3211 557 3261; x_wconf 86' lang='lat' dir='ltr'>pertinet,</span> <span class='ocrx_word' id='word_1_231' title='bbox 579 3217 645 3246; x_wconf 89' lang='lat' dir='ltr'>aut</span> <span class='ocrx_word' id='word_1_232' title='bbox 670 3209 820 3246; x_wconf 86' lang='lat' dir='ltr'>levitate</span> <span class='ocrx_word' id='word_1_233' title='bbox 840 3209 894 3246; x_wconf 86' lang='lat' dir='ltr'>uti</span> <span class='ocrx_word' id='word_1_234' title='bbox 919 3208 1134 3255; x_wconf 86' lang='lat' dir='ltr'>intendam,</span> <span class='ocrx_word' id='word_1_235' title='bbox 1166 3217 1231 3245; x_wconf 84' lang='lat' dir='ltr'>aut</span> <span class='ocrx_word' id='word_1_236' title='bbox 1249 3210 1381 3258; x_wconf 84' lang='lat' dir='ltr'>nugari</span> 
     </span>
    </p>
   </div>
   <div class='ocr_carea' id='block_1_16' title="bbox 421 3340 807 3383">
    <p class='ocr_par' dir='ltr' id='par_1_16' title="bbox 421 3340 807 3383">
     <span class='ocr_line' id='line_1_40' title="bbox 421 3340 807 3383; baseline 0 -11"><span class='ocrx_word' id='word_1_237' title='bbox 421 3344 433 3358; x_wconf 74' lang='lat'>⁸</span> <span class='ocrx_word' id='word_1_238' title='bbox 451 3341 530 3372; x_wconf 75' lang='lat' dir='ltr'>vide</span> <span class='ocrx_word' id='word_1_239' title='bbox 547 3340 708 3383; x_wconf 75' lang='lat' dir='ltr'>epistolam</span> <span class='ocrx_word' id='word_1_240' title='bbox 730 3343 807 3372; x_wconf 81' lang='lat'>178.</span> 
     </span>
    </p>
   </div>
   <div class='ocr_carea' id='block_1_17' title="bbox 1126 182 1675 221">
    <p class='ocr_par' dir='ltr' id='par_1_17' title="bbox 1126 182 1675 221">
     <span class='ocr_line' id='line_1_41' title="bbox 1126 182 1675 221; baseline -0.011 0"><span class='ocrx_word' id='word_1_241' title='bbox 1126 187 1148 221; x_wconf 79' lang='lat' dir='ltr'>S</span> <span class='ocrx_word' id='word_1_242' title='bbox 1192 183 1446 220; x_wconf 73' lang='lat' dir='ltr'>BERNARDI</span> <span class='ocrx_word' id='word_1_243' title='bbox 1474 182 1675 217; x_wconf 85' lang='lat' dir='ltr'>ABBATIS</span> 
     </span>
    </p>
   </div>
   <div class='ocr_carea' id='block_1_18' title="bbox 2362 181 2437 220">
    <p class='ocr_par' dir='ltr' id='par_1_18' title="bbox 2362 181 2437 220">
     <span class='ocr_line' id='line_1_42' title="bbox 2362 181 2437 220; baseline 0.027 -2"><span class='ocrx_word' id='word_1_244' title='bbox 2362 181 2437 220; x_wconf 76' lang='lat'>488</span> 
     </span>
    </p>
   </div>
   <div class='ocr_carea' id='block_1_19' title="bbox 1378 254 2510 3263">
    <p class='ocr_par' dir='ltr' id='par_1_19' title="bbox 1378 254 2514 3263">
     <span class='ocr_line' id='line_1_43' title="bbox 1378 254 2439 306; baseline 0.001 -11"><span class='ocrx_word' id='word_1_245' title='bbox 1378 258 1429 276; x_wconf 73' lang='lat'>²⁴³⁵</span> <span class='ocrx_word' id='word_1_246' title='bbox 1440 258 1621 302; x_wconf 81' lang='lat' dir='ltr'>delectet,</span> <span class='ocrx_word' id='word_1_247' title='bbox 1640 254 1850 306; x_wconf 75' lang='lat' dir='ltr'>praesertim</span> <span class='ocrx_word' id='word_1_248' title='bbox 1867 254 1969 304; x_wconf 83' lang='lat' dir='ltr'>apud</span> <span class='ocrx_word' id='word_1_249' title='bbox 1985 267 2073 301; x_wconf 89' lang='lat' dir='ltr'>vos,</span> <span class='ocrx_word' id='word_1_250' title='bbox 2094 255 2161 305; x_wconf 89' lang='lat' dir='ltr'>qui</span> <span class='ocrx_word' id='word_1_251' title='bbox 2177 255 2359 294; x_wconf 82' lang='lat' dir='ltr'>videmini</span> <span class='ocrx_word' id='word_1_252' title='bbox 2373 271 2439 296; x_wconf 81' lang='lat' dir='ltr'>co-</span> 
     </span>
     <span class='ocr_line' id='line_1_44' title="bbox 1388 313 2439 358; baseline 0.001 -3"><span class='ocrx_word' id='word_1_253' title='bbox 1388 325 1419 358; x_wconf 85' lang='lat' dir='ltr'><strong>A</strong></span> <span class='ocrx_word' id='word_1_254' title='bbox 1436 319 1576 355; x_wconf 88' lang='lat' dir='ltr'>lumnae</span> <span class='ocrx_word' id='word_1_255' title='bbox 1600 316 1777 354; x_wconf 86' lang='lat' dir='ltr'>Ecclesiae</span> <span class='ocrx_word' id='word_1_256' title='bbox 1798 330 1806 351; x_wconf 92' lang='lat'>:</span> <span class='ocrx_word' id='word_1_257' title='bbox 1831 314 1897 351; x_wconf 90' lang='lat' dir='ltr'>sed</span> <span class='ocrx_word' id='word_1_258' title='bbox 1923 328 1969 351; x_wconf 82' lang='lat' dir='ltr'>ex</span> <span class='ocrx_word' id='word_1_259' title='bbox 1997 313 2230 353; x_wconf 80' lang='lat' dir='ltr'>abundantia</span> <span class='ocrx_word' id='word_1_260' title='bbox 2258 316 2439 356; x_wconf 81' lang='lat' dir='ltr'>cordisos</span> 
     </span>
     <span class='ocr_line' id='line_1_45' title="bbox 1434 374 2438 427; baseline 0 -12"><span class='ocrx_word' id='word_1_261' title='bbox 1434 378 1618 427; x_wconf 86' lang='lat' dir='ltr'>loquitur,</span> <span class='ocrx_word' id='word_1_262' title='bbox 1636 385 1673 412; x_wconf 87' lang='lat' dir='ltr'>et</span> <span class='ocrx_word' id='word_1_263' title='bbox 1695 375 1836 411; x_wconf 81' lang='lat' dir='ltr'>veritas</span> <span class='ocrx_word' id='word_1_264' title='bbox 1850 404 1859 420; x_wconf 90' lang='lat'>‚</span> <span class='ocrx_word' id='word_1_265' title='bbox 1882 374 2016 411; x_wconf 88' lang='lat' dir='ltr'>dolore</span> <span class='ocrx_word' id='word_1_266' title='bbox 2035 383 2194 424; x_wconf 85' lang='lat' dir='ltr'>urgente</span> <span class='ocrx_word' id='word_1_267' title='bbox 2210 376 2438 424; x_wconf 84' lang='lat' dir='ltr'>intrinseco,</span> 
     </span>
     <span class='ocr_line' id='line_1_46' title="bbox 1437 435 2501 486; baseline 0.001 -11"><span class='ocrx_word' id='word_1_268' title='bbox 1437 437 1704 475; x_wconf 81' lang='lat' dir='ltr'>taciturnitatis</span> <span class='ocrx_word' id='word_1_269' title='bbox 1726 435 1944 486; x_wconf 78' lang='lat' dir='ltr'>impatien5‚</span> <span class='ocrx_word' id='word_1_270' title='bbox 1960 435 2181 484; x_wconf 86' lang='lat' dir='ltr'>prorumpit</span> <span class='ocrx_word' id='word_1_271' title='bbox 2202 435 2240 471; x_wconf 88' lang='lat' dir='ltr'>in</span> <span class='ocrx_word' id='word_1_272' title='bbox 2261 435 2449 476; x_wconf 48' lang='lat' dir='ltr'>medium?</span> <span class='ocrx_word' id='word_1_273' title='bbox 2498 449 2501 456; x_wconf 89' lang='lat'>&#39;</span> 
     </span>
     <span class='ocr_line' id='line_1_47' title="bbox 1435 494 2444 546; baseline -0.004 -10"><span class='ocrx_word' id='word_1_274' title='bbox 1435 499 1509 536; x_wconf 81' lang='lat' dir='ltr'>Mei</span> <span class='ocrx_word' id='word_1_275' title='bbox 1531 498 1631 535; x_wconf 89' lang='lat' dir='ltr'>enim</span> <span class='ocrx_word' id='word_1_276' title='bbox 1648 526 1657 543; x_wconf 89' lang='lat'>‚</span> <span class='ocrx_word' id='word_1_277' title='bbox 1682 496 1768 532; x_wconf 91' lang='lat' dir='ltr'>dico</span> <span class='ocrx_word' id='word_1_278' title='bbox 1796 494 1929 540; x_wconf 85' lang='lat' dir='ltr'>vobis,</span> <span class='ocrx_word' id='word_1_279' title='bbox 1953 507 2050 544; x_wconf 89' lang='lat' dir='ltr'>pene</span> <span class='ocrx_word' id='word_1_280' title='bbox 2074 495 2167 531; x_wconf 88' lang='lat' dir='ltr'>moti</span> <span class='ocrx_word' id='word_1_281' title='bbox 2195 503 2283 532; x_wconf 87' lang='lat' dir='ltr'>sunt</span> <span class='ocrx_word' id='word_1_282' title='bbox 2297 495 2444 546; x_wconf 56' lang='lat' dir='ltr'>pedffif</span> 
     </span>
     <span class='ocr_line' id='line_1_48' title="bbox 1436 547 2451 609; baseline -0.001 -14"><span class='ocrx_word' id='word_1_283' title='bbox 1436 572 1534 609; x_wconf 88' lang='lat' dir='ltr'>pene</span> <span class='ocrx_word' id='word_1_284' title='bbox 1552 557 1662 594; x_wconf 83' lang='lat' dir='ltr'>effusi</span> <span class='ocrx_word' id='word_1_285' title='bbox 1677 564 1765 593; x_wconf 91' lang='lat' dir='ltr'>sunt</span> <span class='ocrx_word' id='word_1_286' title='bbox 1783 567 1933 605; x_wconf 79' lang='lat' dir='ltr'>gressus</span> <span class='ocrx_word' id='word_1_287' title='bbox 1950 554 2022 590; x_wconf 88' lang='lat' dir='ltr'>mei</span> <span class='ocrx_word' id='word_1_288' title='bbox 2039 583 2048 600; x_wconf 96' lang='lat'>,</span> <span class='ocrx_word' id='word_1_289' title='bbox 2067 553 2173 604; x_wconf 88' lang='lat' dir='ltr'>quod</span> <span class='ocrx_word' id='word_1_290' title='bbox 2192 547 2451 606; x_wconf 62' lang='lat' dir='ltr'>exsecranda}</span> 
     </span>
     <span class='ocr_line' id='line_1_49' title="bbox 1438 612 2502 666; baseline -0.002 -10"><span class='ocrx_word' id='word_1_291' title='bbox 1438 627 1480 655; x_wconf 92' lang='lat' dir='ltr'>ut</span> <span class='ocrx_word' id='word_1_292' title='bbox 1497 619 1662 663; x_wconf 86' lang='lat' dir='ltr'>videtur,</span> <span class='ocrx_word' id='word_1_293' title='bbox 1680 616 1934 652; x_wconf 81' lang='lat' dir='ltr'>conversione</span> <span class='ocrx_word' id='word_1_294' title='bbox 1956 623 2031 651; x_wconf 88' lang='lat' dir='ltr'>tam</span> <span class='ocrx_word' id='word_1_295' title='bbox 2054 615 2276 664; x_wconf 86' lang='lat' dir='ltr'>frequenter</span> <span class='ocrx_word' id='word_1_296' title='bbox 2294 612 2452 666; x_wconf 48' lang='lat' dir='ltr'>sapienti(</span> <span class='ocrx_word' id='word_1_297' title='bbox 2497 642 2502 665; x_wconf 65' lang='lat'>·-,</span> 
     </span>
     <span class='ocr_line' id='line_1_50' title="bbox 1439 675 2444 726; baseline 0 -10"><span class='ocrx_word' id='word_1_298' title='bbox 1439 680 1529 716; x_wconf 85' lang='lat' dir='ltr'>tiam</span> <span class='ocrx_word' id='word_1_299' title='bbox 1559 678 1679 715; x_wconf 86' lang='lat' dir='ltr'>vincit</span> <span class='ocrx_word' id='word_1_300' title='bbox 1707 676 1860 713; x_wconf 88' lang='lat' dir='ltr'>malitia.</span> <span class='ocrx_word' id='word_1_301' title='bbox 1893 675 2102 714; x_wconf 87' lang='lat' dir='ltr'>Adduntur</span> <span class='ocrx_word' id='word_1_302' title='bbox 2128 675 2274 726; x_wconf 87' lang='lat' dir='ltr'>ubique</span> <span class='ocrx_word' id='word_1_303' title='bbox 2300 689 2444 716; x_wconf 72' lang='lat' dir='ltr'>cornua</span> 
     </span>
     <span class='ocr_line' id='line_1_51' title="bbox 1438 735 2454 788; baseline -0.002 -13"><span class='ocrx_word' id='word_1_304' title='bbox 1438 739 1565 788; x_wconf 90' lang='lat' dir='ltr'>impiis</span> <span class='ocrx_word' id='word_1_305' title='bbox 1583 768 1592 784; x_wconf 93' lang='lat'>,</span> <span class='ocrx_word' id='word_1_306' title='bbox 1617 746 1654 774; x_wconf 94' lang='lat' dir='ltr'>et</span> <span class='ocrx_word' id='word_1_307' title='bbox 1673 745 1893 773; x_wconf 79' lang='lat' dir='ltr'>exarmatur</span> <span class='ocrx_word' id='word_1_308' title='bbox 1909 735 2066 785; x_wconf 85' lang='lat' dir='ltr'>justitiae</span> <span class='ocrx_word' id='word_1_309' title='bbox 2086 735 2190 772; x_wconf 87' lang='lat' dir='ltr'>zelus</span> <span class='ocrx_word' id='word_1_310' title='bbox 2208 750 2217 772; x_wconf 74' lang='grc' dir='ltr'>ε</span> <span class='ocrx_word' id='word_1_311' title='bbox 2236 743 2274 772; x_wconf 88' lang='lat' dir='ltr'>et</span> <span class='ocrx_word' id='word_1_312' title='bbox 2292 748 2372 773; x_wconf 88' lang='lat' dir='ltr'>non</span> <span class='ocrx_word' id='word_1_313' title='bbox 2388 744 2454 781; x_wconf 61' lang='lat' dir='ltr'>esus</span> 
     </span>
     <span class='ocr_line' id='line_1_52' title="bbox 1439 794 2501 848; baseline -0.003 -13"><span class='ocrx_word' id='word_1_314' title='bbox 1439 798 1506 848; x_wconf 86' lang='lat' dir='ltr'>qui</span> <span class='ocrx_word' id='word_1_315' title='bbox 1536 798 1659 834; x_wconf 87' lang='lat' dir='ltr'>sacere</span> <span class='ocrx_word' id='word_1_316' title='bbox 1682 796 1827 833; x_wconf 89' lang='lat' dir='ltr'>bonum</span> <span class='ocrx_word' id='word_1_317' title='bbox 1845 825 1855 842; x_wconf 96' lang='lat'>,</span> <span class='ocrx_word' id='word_1_318' title='bbox 1876 808 1954 832; x_wconf 90' lang='lat' dir='ltr'>non</span> <span class='ocrx_word' id='word_1_319' title='bbox 1979 795 2063 831; x_wconf 91' lang='lat' dir='ltr'>dico</span> <span class='ocrx_word' id='word_1_320' title='bbox 2082 795 2196 841; x_wconf 86' lang='lat' dir='ltr'>velit,</span> <span class='ocrx_word' id='word_1_321' title='bbox 2218 794 2285 832; x_wconf 90' lang='lat' dir='ltr'>sed</span> <span class='ocrx_word' id='word_1_322' title='bbox 2313 795 2452 845; x_wconf 58' lang='lat' dir='ltr'>possin,</span> <span class='ocrx_word' id='word_1_323' title='bbox 2500 794 2501 799; x_wconf 43' lang='lat'>¹</span> 
     </span>
     <span class='ocr_line' id='line_1_53' title="bbox 1438 857 2445 908; baseline -0.004 -13"><span class='ocrx_word' id='word_1_324' title='bbox 1438 857 1601 908; x_wconf 82' lang='lat' dir='ltr'>Superbi</span> <span class='ocrx_word' id='word_1_325' title='bbox 1629 858 1760 906; x_wconf 89' lang='lat' dir='ltr'>inique</span> <span class='ocrx_word' id='word_1_326' title='bbox 1793 865 1910 906; x_wconf 87' lang='lat' dir='ltr'>agunt</span> <span class='ocrx_word' id='word_1_327' title='bbox 1943 867 2244 905; x_wconf 87' lang='lat' dir='ltr'>usquequaque,</span> <span class='ocrx_word' id='word_1_328' title='bbox 2271 862 2310 891; x_wconf 88' lang='lat' dir='ltr'>et</span> <span class='ocrx_word' id='word_1_329' title='bbox 2332 867 2445 895; x_wconf 76' lang='lat' dir='ltr'>nemo</span> 
     </span>
     <span class='ocr_line' id='line_1_54' title="bbox 1437 915 2456 956; baseline 0 -1"><span class='ocrx_word' id='word_1_330' title='bbox 1437 919 1552 956; x_wconf 89' lang='lat' dir='ltr'>audet</span> <span class='ocrx_word' id='word_1_331' title='bbox 1572 918 1711 954; x_wconf 85' lang='lat' dir='ltr'>mutire</span> <span class='ocrx_word' id='word_1_332' title='bbox 1737 925 1882 954; x_wconf 89' lang='lat' dir='ltr'>contra.</span> <span class='ocrx_word' id='word_1_333' title='bbox 1910 920 1955 954; x_wconf 92' lang='lat' dir='ltr'>Et</span> <span class='ocrx_word' id='word_1_334' title='bbox 1975 917 2122 953; x_wconf 90' lang='lat' dir='ltr'>utinam</span> <span class='ocrx_word' id='word_1_335' title='bbox 2147 915 2208 952; x_wconf 80' lang='lat' dir='ltr'>vel</span> <span class='ocrx_word' id='word_1_336' title='bbox 2229 915 2456 955; x_wconf 58' lang='lat' dir='ltr'>innocentia</span> 
     </span>
     <span class='ocr_line' id='line_1_55' title="bbox 1442 974 2502 1026; baseline -0.001 -12"><span class='ocrx_word' id='word_1_337' title='bbox 1442 987 1521 1015; x_wconf 84' lang='lat' dir='ltr'>tuta</span> <span class='ocrx_word' id='word_1_338' title='bbox 1540 986 1661 1023; x_wconf 89' lang='lat' dir='ltr'>esset,</span> <span class='ocrx_word' id='word_1_339' title='bbox 1688 986 1724 1013; x_wconf 91' lang='lat' dir='ltr'>et</span> <span class='ocrx_word' id='word_1_340' title='bbox 1745 976 1891 1026; x_wconf 89' lang='lat' dir='ltr'>justitia</span> <span class='ocrx_word' id='word_1_341' title='bbox 1912 977 1994 1026; x_wconf 89' lang='lat' dir='ltr'>ipsa</span> <span class='ocrx_word' id='word_1_342' title='bbox 2013 976 2151 1013; x_wconf 88' lang='lat' dir='ltr'>suimet</span> <span class='ocrx_word' id='word_1_343' title='bbox 2173 975 2365 1012; x_wconf 85' lang='lat' dir='ltr'>sufficeret</span> <span class='ocrx_word' id='word_1_344' title='bbox 2379 974 2446 1013; x_wconf 54' lang='lat' dir='ltr'>d&amp;</span> <span class='ocrx_word' id='word_1_345' title='bbox 2499 1010 2502 1021; x_wconf 73' lang='grc'>,</span> 
     </span>
     <span class='ocr_line' id='line_1_56' title="bbox 1394 1025 2503 1087; baseline -0.001 -12"><span class='ocrx_word' id='word_1_346' title='bbox 1394 1042 1422 1076; x_wconf 91' lang='grc' dir='ltr'>Β</span> <span class='ocrx_word' id='word_1_347' title='bbox 1441 1037 1614 1074; x_wconf 87' lang='lat' dir='ltr'>fensioni.</span> <span class='ocrx_word' id='word_1_348' title='bbox 1636 1036 1737 1084; x_wconf 90' lang='lat' dir='ltr'>Quid</span> <span class='ocrx_word' id='word_1_349' title='bbox 1762 1036 1936 1087; x_wconf 84' lang='lat' dir='ltr'>peccavit</span> <span class='ocrx_word' id='word_1_350' title='bbox 1957 1035 2075 1073; x_wconf 88' lang='lat' dir='ltr'>abbas</span> <span class='ocrx_word' id='word_1_351' title='bbox 2102 1035 2377 1073; x_wconf 86' lang='lat' dir='ltr'>Latiniacensis</span> <span class='ocrx_word' id='word_1_352' title='bbox 2392 1035 2409 1052; x_wconf 87' lang='lat'><strong>*</strong></span> <span class='ocrx_word' id='word_1_353' title='bbox 2428 1037 2446 1074; x_wconf 71' lang='grc' dir='ltr'>ἓ</span> <span class='ocrx_word' id='word_1_354' title='bbox 2499 1025 2503 1033; x_wconf 78' lang='lat'>.</span> 
     </span>
     <span class='ocr_line' id='line_1_57' title="bbox 1440 1094 2503 1146; baseline 0 -11"><span class='ocrx_word' id='word_1_355' title='bbox 1440 1101 1499 1135; x_wconf 89' lang='lat' dir='ltr'>An</span> <span class='ocrx_word' id='word_1_356' title='bbox 1530 1097 1636 1146; x_wconf 90' lang='lat' dir='ltr'>quod</span> <span class='ocrx_word' id='word_1_357' title='bbox 1665 1095 1792 1134; x_wconf 89' lang='lat' dir='ltr'>bonus</span> <span class='ocrx_word' id='word_1_358' title='bbox 1823 1096 2059 1143; x_wconf 89' lang='lat' dir='ltr'>monachus,</span> <span class='ocrx_word' id='word_1_359' title='bbox 2080 1105 2118 1134; x_wconf 89' lang='lat' dir='ltr'>et</span> <span class='ocrx_word' id='word_1_360' title='bbox 2145 1096 2282 1133; x_wconf 88' lang='lat' dir='ltr'>melior</span> <span class='ocrx_word' id='word_1_361' title='bbox 2307 1094 2451 1135; x_wconf 70' lang='lat' dir='ltr'>abbas?</span> <span class='ocrx_word' id='word_1_362' title='bbox 2499 1130 2503 1142; x_wconf 91' lang='grc'>,</span> 
     </span>
     <span class='ocr_line' id='line_1_58' title="bbox 1441 1156 2449 1207; baseline 0 -13"><span class='ocrx_word' id='word_1_363' title='bbox 1441 1157 1546 1207; x_wconf 87' lang='lat' dir='ltr'>quod</span> <span class='ocrx_word' id='word_1_364' title='bbox 1567 1156 1678 1194; x_wconf 84' lang='lat' dir='ltr'>bonae</span> <span class='ocrx_word' id='word_1_365' title='bbox 1699 1157 1892 1207; x_wconf 89' lang='lat' dir='ltr'>opinionis</span> <span class='ocrx_word' id='word_1_366' title='bbox 1906 1186 1916 1203; x_wconf 92' lang='lat'>,</span> <span class='ocrx_word' id='word_1_367' title='bbox 1936 1165 1973 1193; x_wconf 90' lang='lat' dir='ltr'>et</span> <span class='ocrx_word' id='word_1_368' title='bbox 1993 1157 2162 1194; x_wconf 86' lang='lat' dir='ltr'>melioris</span> <span class='ocrx_word' id='word_1_369' title='bbox 2181 1165 2239 1194; x_wconf 90' lang='lat' dir='ltr'>est</span> <span class='ocrx_word' id='word_1_370' title='bbox 2262 1157 2449 1195; x_wconf 76' lang='lat' dir='ltr'>vitae?A11</span> 
     </span>
     <span class='ocr_line' id='line_1_59' title="bbox 1439 1215 2455 1267; baseline 0 -13"><span class='ocrx_word' id='word_1_371' title='bbox 1439 1218 1529 1267; x_wconf 88' lang='lat' dir='ltr'>quia</span> <span class='ocrx_word' id='word_1_372' title='bbox 1557 1217 1858 1261; x_wconf 89' lang='lat' dir='ltr'>monasterium,</span> <span class='ocrx_word' id='word_1_373' title='bbox 1891 1216 1951 1253; x_wconf 88' lang='lat' dir='ltr'>cui</span> <span class='ocrx_word' id='word_1_374' title='bbox 1982 1225 2122 1266; x_wconf 86' lang='lat' dir='ltr'>praeest</span> <span class='ocrx_word' id='word_1_375' title='bbox 2146 1245 2157 1263; x_wconf 90' lang='lat'>‚</span> <span class='ocrx_word' id='word_1_376' title='bbox 2186 1224 2225 1252; x_wconf 91' lang='lat' dir='ltr'>et</span> <span class='ocrx_word' id='word_1_377' title='bbox 2256 1215 2455 1261; x_wconf 61' lang='lat' dir='ltr'>decoravit}</span> 
     </span>
     <span class='ocr_line' id='line_1_60' title="bbox 1440 1276 2502 1328; baseline 0 -13"><span class='ocrx_word' id='word_1_378' title='bbox 1440 1277 1624 1328; x_wconf 84' lang='lat' dir='ltr'>religione</span> <span class='ocrx_word' id='word_1_379' title='bbox 1645 1307 1654 1325; x_wconf 94' lang='lat'>,</span> <span class='ocrx_word' id='word_1_380' title='bbox 1681 1286 1718 1314; x_wconf 90' lang='lat' dir='ltr'>et</span> <span class='ocrx_word' id='word_1_381' title='bbox 1745 1276 1858 1314; x_wconf 90' lang='lat' dir='ltr'>bonis</span> <span class='ocrx_word' id='word_1_382' title='bbox 1878 1276 2156 1327; x_wconf 81' lang='lat' dir='ltr'>temporalibus</span> <span class='ocrx_word' id='word_1_383' title='bbox 2175 1277 2394 1327; x_wconf 82' lang='lat' dir='ltr'>ampliavit,</span> <span class='ocrx_word' id='word_1_384' title='bbox 2408 1284 2448 1318; x_wconf 77' lang='lat' dir='ltr'>et</span> <span class='ocrx_word' id='word_1_385' title='bbox 2500 1292 2502 1296; x_wconf 93' lang='lat'>·</span> 
     </span>
     <span class='ocr_line' id='line_1_61' title="bbox 1437 1337 2501 1383; baseline 0 -8"><span class='ocrx_word' id='word_1_386' title='bbox 1437 1338 1630 1375; x_wconf 87' lang='lat' dir='ltr'>bonorum</span> <span class='ocrx_word' id='word_1_387' title='bbox 1655 1338 1815 1375; x_wconf 84' lang='lat' dir='ltr'>fratrum</span> <span class='ocrx_word' id='word_1_388' title='bbox 1839 1351 2001 1375; x_wconf 89' lang='lat' dir='ltr'>numero</span> <span class='ocrx_word' id='word_1_389' title='bbox 2024 1337 2235 1375; x_wconf 84' lang='lat' dir='ltr'>cumulavit</span> <span class='ocrx_word' id='word_1_390' title='bbox 2252 1338 2267 1374; x_wconf 73' lang='grc' dir='ltr'>Ρ</span> <span class='ocrx_word' id='word_1_391' title='bbox 2287 1340 2346 1374; x_wconf 88' lang='lat' dir='ltr'>En</span> <span class='ocrx_word' id='word_1_392' title='bbox 2364 1350 2454 1375; x_wconf 64' lang='lat' dir='ltr'>san-1</span> <span class='ocrx_word' id='word_1_393' title='bbox 2479 1381 2482 1383; x_wconf 47' lang='grc'><strong>,</strong></span> <span class='ocrx_word' id='word_1_394' title='bbox 2500 1337 2501 1346; x_wconf 70' lang='grc'>’</span> 
     </span>
     <span class='ocr_line' id='line_1_62' title="bbox 1437 1398 2449 1449; baseline 0.001 -13"><span class='ocrx_word' id='word_1_395' title='bbox 1437 1400 1520 1449; x_wconf 89' lang='lat' dir='ltr'>guis</span> <span class='ocrx_word' id='word_1_396' title='bbox 1548 1400 1618 1436; x_wconf 89' lang='lat' dir='ltr'>iste</span> <span class='ocrx_word' id='word_1_397' title='bbox 1649 1399 1696 1436; x_wconf 89' lang='lat' dir='ltr'>de</span> <span class='ocrx_word' id='word_1_398' title='bbox 1724 1413 1840 1436; x_wconf 89' lang='lat' dir='ltr'>manu</span> <span class='ocrx_word' id='word_1_399' title='bbox 1873 1399 1956 1448; x_wconf 84' lang='lat' dir='ltr'>ejus</span> <span class='ocrx_word' id='word_1_400' title='bbox 1987 1399 2214 1449; x_wconf 81' lang='lat' dir='ltr'>exquiritur.</span> <span class='ocrx_word' id='word_1_401' title='bbox 2245 1398 2283 1437; x_wconf 93' lang='lat' dir='ltr'>Si</span> <span class='ocrx_word' id='word_1_402' title='bbox 2307 1398 2449 1437; x_wconf 81' lang='lat' dir='ltr'>crimen</span> 
     </span>
     <span class='ocr_line' id='line_1_63' title="bbox 1438 1459 2451 1510; baseline -0.001 -13"><span class='ocrx_word' id='word_1_403' title='bbox 1438 1469 1494 1498; x_wconf 88' lang='lat' dir='ltr'>est</span> <span class='ocrx_word' id='word_1_404' title='bbox 1510 1490 1519 1507; x_wconf 94' lang='lat'>,</span> <span class='ocrx_word' id='word_1_405' title='bbox 1535 1469 1734 1510; x_wconf 87' lang='lat' dir='ltr'>acceptum</span> <span class='ocrx_word' id='word_1_406' title='bbox 1756 1473 1836 1497; x_wconf 88' lang='lat' dir='ltr'>esse</span> <span class='ocrx_word' id='word_1_407' title='bbox 1859 1463 1940 1497; x_wconf 90' lang='lat' dir='ltr'>Deo</span> <span class='ocrx_word' id='word_1_408' title='bbox 1956 1469 1993 1497; x_wconf 92' lang='lat' dir='ltr'>et</span> <span class='ocrx_word' id='word_1_409' title='bbox 2009 1459 2231 1497; x_wconf 89' lang='lat' dir='ltr'>hominibus</span> <span class='ocrx_word' id='word_1_410' title='bbox 2249 1475 2260 1506; x_wconf 87' lang='lat'>;</span> <span class='ocrx_word' id='word_1_411' title='bbox 2283 1459 2451 1508; x_wconf 84' lang='lat' dir='ltr'>tollatur,</span> 
     </span>
     <span class='ocr_line' id='line_1_64' title="bbox 1440 1512 2502 1571; baseline 0 -13"><span class='ocrx_word' id='word_1_412' title='bbox 1440 1530 1477 1558; x_wconf 90' lang='lat' dir='ltr'>et</span> <span class='ocrx_word' id='word_1_413' title='bbox 1494 1521 1749 1570; x_wconf 84' lang='lat' dir='ltr'>crucifigatur.</span> <span class='ocrx_word' id='word_1_414' title='bbox 1774 1521 1912 1571; x_wconf 69' lang='lat' dir='ltr'>Negat-i</span> <span class='ocrx_word' id='word_1_415' title='bbox 1927 1521 2031 1558; x_wconf 89' lang='lat' dir='ltr'>enim</span> <span class='ocrx_word' id='word_1_416' title='bbox 2052 1533 2131 1557; x_wconf 92' lang='lat' dir='ltr'>non</span> <span class='ocrx_word' id='word_1_417' title='bbox 2148 1528 2279 1570; x_wconf 89' lang='lat' dir='ltr'>potest</span> <span class='ocrx_word' id='word_1_418' title='bbox 2303 1520 2377 1558; x_wconf 83' lang='lat' dir='ltr'>hoc</span> <span class='ocrx_word' id='word_1_419' title='bbox 2401 1521 2450 1558; x_wconf 88' lang='lat' dir='ltr'>il-</span> <span class='ocrx_word' id='word_1_420' title='bbox 2498 1512 2502 1528; x_wconf 68' lang='lat'><em>³</em></span> 
     </span>
     <span class='ocr_line' id='line_1_65' title="bbox 1440 1580 2456 1629; baseline 0 -11"><span class='ocrx_word' id='word_1_421' title='bbox 1440 1583 1519 1618; x_wconf 84' lang='lat' dir='ltr'>lum</span> <span class='ocrx_word' id='word_1_422' title='bbox 1539 1594 1618 1618; x_wconf 87' lang='lat' dir='ltr'>esse</span> <span class='ocrx_word' id='word_1_423' title='bbox 1631 1611 1640 1627; x_wconf 87' lang='lat'>,</span> <span class='ocrx_word' id='word_1_424' title='bbox 1663 1582 1757 1619; x_wconf 81' lang='lat' dir='ltr'>coelo</span> <span class='ocrx_word' id='word_1_425' title='bbox 1781 1590 1818 1618; x_wconf 90' lang='lat' dir='ltr'>et</span> <span class='ocrx_word' id='word_1_426' title='bbox 1839 1590 1940 1618; x_wconf 90' lang='lat' dir='ltr'>terra</span> <span class='ocrx_word' id='word_1_427' title='bbox 1958 1580 2129 1618; x_wconf 89' lang='lat' dir='ltr'>testibus.</span> <span class='ocrx_word' id='word_1_428' title='bbox 2148 1581 2186 1618; x_wconf 92' lang='lat' dir='ltr'>Si</span> <span class='ocrx_word' id='word_1_429' title='bbox 2208 1581 2353 1618; x_wconf 88' lang='lat' dir='ltr'>crimen</span> <span class='ocrx_word' id='word_1_430' title='bbox 2370 1587 2456 1629; x_wconf 87' lang='lat' dir='ltr'>est,</span> 
     </span>
     <span class='ocr_line' id='line_1_66' title="bbox 1442 1640 2458 1692; baseline -0.001 -14"><span class='ocrx_word' id='word_1_431' title='bbox 1442 1655 1522 1679; x_wconf 87' lang='lat' dir='ltr'>esse</span> <span class='ocrx_word' id='word_1_432' title='bbox 1542 1642 1766 1692; x_wconf 85' lang='lat' dir='ltr'>hospitalem</span> <span class='ocrx_word' id='word_1_433' title='bbox 1784 1671 1794 1687; x_wconf 88' lang='lat'>,</span> <span class='ocrx_word' id='word_1_434' title='bbox 1814 1641 2024 1692; x_wconf 89' lang='lat' dir='ltr'>benignum</span> <span class='ocrx_word' id='word_1_435' title='bbox 2043 1671 2053 1688; x_wconf 89' lang='lat'>,</span> <span class='ocrx_word' id='word_1_436' title='bbox 2069 1640 2241 1678; x_wconf 91' lang='lat' dir='ltr'>sobrium</span> <span class='ocrx_word' id='word_1_437' title='bbox 2255 1648 2426 1686; x_wconf 87' lang='lat' dir='ltr'>‚castum</span> <span class='ocrx_word' id='word_1_438' title='bbox 2436 1667 2458 1688; x_wconf 68' lang='grc'>,,,</span> 
     </span>
     <span class='ocr_line' id='line_1_67' title="bbox 1440 1701 2455 1748; baseline 0.003 -10"><span class='ocrx_word' id='word_1_439' title='bbox 1440 1702 1645 1748; x_wconf 82' lang='lat' dir='ltr'>humilem3</span> <span class='ocrx_word' id='word_1_440' title='bbox 1661 1702 1811 1740; x_wconf 86' lang='lat' dir='ltr'>decidat</span> <span class='ocrx_word' id='word_1_441' title='bbox 1827 1703 1963 1740; x_wconf 89' lang='lat' dir='ltr'>merito</span> <span class='ocrx_word' id='word_1_442' title='bbox 1981 1701 2029 1739; x_wconf 90' lang='lat' dir='ltr'>ab</span> <span class='ocrx_word' id='word_1_443' title='bbox 2047 1702 2212 1740; x_wconf 86' lang='lat' dir='ltr'>inimicis</span> <span class='ocrx_word' id='word_1_444' title='bbox 2227 1702 2305 1739; x_wconf 88' lang='lat' dir='ltr'>suis</span> <span class='ocrx_word' id='word_1_445' title='bbox 2317 1701 2455 1741; x_wconf 69' lang='lat' dir='ltr'>inanis-</span> 
     </span>
     <span class='ocr_line' id='line_1_68' title="bbox 1441 1762 2452 1812; baseline 0 -14"><span class='ocrx_word' id='word_1_446' title='bbox 1441 1765 1592 1798; x_wconf 83' lang='lat' dir='ltr'>Revera</span> <span class='ocrx_word' id='word_1_447' title='bbox 1617 1776 1782 1812; x_wconf 83' lang='lat' dir='ltr'>namque</span> <span class='ocrx_word' id='word_1_448' title='bbox 1807 1771 1844 1799; x_wconf 92' lang='lat' dir='ltr'>et</span> <span class='ocrx_word' id='word_1_449' title='bbox 1867 1763 1906 1799; x_wconf 89' lang='lat' dir='ltr'>in</span> <span class='ocrx_word' id='word_1_450' title='bbox 1931 1762 1990 1799; x_wconf 90' lang='lat' dir='ltr'>his</span> <span class='ocrx_word' id='word_1_451' title='bbox 2011 1762 2184 1799; x_wconf 73' lang='lat' dir='ltr'>excusari</span> <span class='ocrx_word' id='word_1_452' title='bbox 2203 1774 2282 1798; x_wconf 91' lang='lat' dir='ltr'>non</span> <span class='ocrx_word' id='word_1_453' title='bbox 2303 1769 2452 1812; x_wconf 84' lang='lat' dir='ltr'>potest,</span> 
     </span>
     <span class='ocr_line' id='line_1_69' title="bbox 1397 1822 2459 1873; baseline 0.002 -15"><span class='ocrx_word' id='word_1_454' title='bbox 1397 1828 1424 1864; x_wconf 88' lang='lat' dir='ltr'>C</span> <span class='ocrx_word' id='word_1_455' title='bbox 1445 1822 1764 1860; x_wconf 85' lang='lat' dir='ltr'>convincentibus</span> <span class='ocrx_word' id='word_1_456' title='bbox 1796 1836 1834 1860; x_wconf 90' lang='lat' dir='ltr'>se</span> <span class='ocrx_word' id='word_1_457' title='bbox 1862 1822 2031 1873; x_wconf 77' lang='lat' dir='ltr'>propriae</span> <span class='ocrx_word' id='word_1_458' title='bbox 2058 1822 2146 1859; x_wconf 84' lang='lat' dir='ltr'>vitae</span> <span class='ocrx_word' id='word_1_459' title='bbox 2171 1823 2391 1869; x_wconf 86' lang='lat' dir='ltr'>sanctitate,</span> <span class='ocrx_word' id='word_1_460' title='bbox 2410 1828 2459 1860; x_wconf 71' lang='lat' dir='ltr'>et-</span> 
     </span>
     <span class='ocr_line' id='line_1_70' title="bbox 1447 1883 2467 1936; baseline 0.001 -18"><span class='ocrx_word' id='word_1_461' title='bbox 1447 1883 1555 1919; x_wconf 74' lang='lat' dir='ltr'>famae</span> <span class='ocrx_word' id='word_1_462' title='bbox 1573 1883 1707 1932; x_wconf 86' lang='lat' dir='ltr'>gloria.</span> <span class='ocrx_word' id='word_1_463' title='bbox 2456 1924 2467 1936; x_wconf 33' lang='lat' dir='ltr'><em>f</em></span> 
     </span>
     <span class='ocr_line' id='line_1_71' title="bbox 1500 1937 2510 1993; baseline -0.001 -14"><span class='ocrx_word' id='word_1_464' title='bbox 1500 1943 1534 1979; x_wconf 69' lang='grc' dir='ltr'>ἱ).</span> <span class='ocrx_word' id='word_1_465' title='bbox 1558 1948 1606 1981; x_wconf 78' lang='lat' dir='ltr'>At</span> <span class='ocrx_word' id='word_1_466' title='bbox 1625 1943 1841 1993; x_wconf 86' lang='lat' dir='ltr'>imponitur</span> <span class='ocrx_word' id='word_1_467' title='bbox 1860 1942 1919 1989; x_wconf 86' lang='lat' dir='ltr'>ei,</span> <span class='ocrx_word' id='word_1_468' title='bbox 1942 1942 2111 1979; x_wconf 85' lang='lat' dir='ltr'>noluisse</span> <span class='ocrx_word' id='word_1_469' title='bbox 2138 1942 2330 1992; x_wconf 86' lang='lat' dir='ltr'>suscipere</span> <span class='ocrx_word' id='word_1_470' title='bbox 2356 1937 2461 1982; x_wconf 47' lang='lat' dir='ltr'>nun-3</span> <span class='ocrx_word' id='word_1_471' title='bbox 2508 1943 2510 1949; x_wconf 88' lang='lat'>&#39;</span> 
     </span>
     <span class='ocr_line' id='line_1_72' title="bbox 1447 1990 2507 2052; baseline 0 -14"><span class='ocrx_word' id='word_1_472' title='bbox 1447 2002 1542 2039; x_wconf 89' lang='lat' dir='ltr'>tium</span> <span class='ocrx_word' id='word_1_473' title='bbox 1563 2003 1708 2039; x_wconf 87' lang='lat' dir='ltr'>domini</span> <span class='ocrx_word' id='word_1_474' title='bbox 1725 2003 1810 2039; x_wconf 90' lang='lat' dir='ltr'>mei.</span> <span class='ocrx_word' id='word_1_475' title='bbox 1839 2005 2001 2040; x_wconf 84' lang='lat' dir='ltr'>Prorsus</span> <span class='ocrx_word' id='word_1_476' title='bbox 2017 2002 2145 2052; x_wconf 85' lang='lat' dir='ltr'>gravis</span> <span class='ocrx_word' id='word_1_477' title='bbox 2164 2001 2310 2039; x_wconf 84' lang='lat' dir='ltr'>offensa</span> <span class='ocrx_word' id='word_1_478' title='bbox 2322 2031 2332 2049; x_wconf 91' lang='lat'>‚</span> <span class='ocrx_word' id='word_1_479' title='bbox 2351 2001 2383 2039; x_wconf 88' lang='lat' dir='ltr'>si</span> <span class='ocrx_word' id='word_1_480' title='bbox 2398 2001 2463 2042; x_wconf 54' lang='lat' dir='ltr'>itffi</span> <span class='ocrx_word' id='word_1_481' title='bbox 2500 1990 2507 2034; x_wconf 48' lang='lat' dir='ltr'><strong><em>s</em></strong></span> 
     </span>
     <span class='ocr_line' id='line_1_73' title="bbox 1448 2056 2502 2113; baseline 0.002 -13"><span class='ocrx_word' id='word_1_482' title='bbox 1448 2072 1516 2100; x_wconf 89' lang='lat' dir='ltr'>est.</span> <span class='ocrx_word' id='word_1_483' title='bbox 1533 2068 1617 2101; x_wconf 74' lang='lat' dir='ltr'>Non</span> <span class='ocrx_word' id='word_1_484' title='bbox 1635 2072 1748 2113; x_wconf 86' lang='lat' dir='ltr'>negat</span> <span class='ocrx_word' id='word_1_485' title='bbox 1769 2062 1910 2109; x_wconf 87' lang='lat' dir='ltr'>abbas,</span> <span class='ocrx_word' id='word_1_486' title='bbox 1930 2063 2127 2100; x_wconf 86' lang='lat' dir='ltr'>hominem</span> <span class='ocrx_word' id='word_1_487' title='bbox 2149 2063 2215 2113; x_wconf 85' lang='lat' dir='ltr'>qui</span> <span class='ocrx_word' id='word_1_488' title='bbox 2235 2061 2458 2102; x_wconf 65' lang='lat' dir='ltr'>mittebam</span> <span class='ocrx_word' id='word_1_489' title='bbox 2496 2056 2502 2070; x_wconf 66' lang='lat'><em>⁶</em></span> 
     </span>
     <span class='ocr_line' id='line_1_74' title="bbox 1448 2123 2465 2174; baseline 0.002 -14"><span class='ocrx_word' id='word_1_490' title='bbox 1448 2123 1488 2160; x_wconf 90' lang='lat' dir='ltr'>in</span> <span class='ocrx_word' id='word_1_491' title='bbox 1523 2124 1724 2173; x_wconf 84' lang='lat' dir='ltr'>Angliam,</span> <span class='ocrx_word' id='word_1_492' title='bbox 1755 2137 1841 2160; x_wconf 87' lang='lat' dir='ltr'>cum</span> <span class='ocrx_word' id='word_1_493' title='bbox 1885 2131 1984 2160; x_wconf 90' lang='lat' dir='ltr'>esset</span> <span class='ocrx_word' id='word_1_494' title='bbox 2015 2124 2228 2162; x_wconf 87' lang='lat' dir='ltr'>honorifice</span> <span class='ocrx_word' id='word_1_495' title='bbox 2257 2128 2465 2174; x_wconf 55' lang='lat' dir='ltr'>susceptum*</span> 
     </span>
     <span class='ocr_line' id='line_1_75' title="bbox 1446 2178 2465 2234; baseline -0.001 -13"><span class='ocrx_word' id='word_1_496' title='bbox 1446 2184 1636 2234; x_wconf 88' lang='lat' dir='ltr'>hospitio,</span> <span class='ocrx_word' id='word_1_497' title='bbox 1669 2197 1841 2234; x_wconf 87' lang='lat' dir='ltr'>quaerere</span> <span class='ocrx_word' id='word_1_498' title='bbox 1869 2184 1976 2234; x_wconf 89' lang='lat' dir='ltr'>loqui</span> <span class='ocrx_word' id='word_1_499' title='bbox 2007 2197 2095 2221; x_wconf 91' lang='lat' dir='ltr'>cum</span> <span class='ocrx_word' id='word_1_500' title='bbox 2124 2197 2194 2231; x_wconf 90' lang='lat' dir='ltr'>eo;</span> <span class='ocrx_word' id='word_1_501' title='bbox 2219 2182 2286 2221; x_wconf 89' lang='lat' dir='ltr'>sed</span> <span class='ocrx_word' id='word_1_502' title='bbox 2305 2178 2465 2233; x_wconf 53' lang='lat' dir='ltr'>par-anfi</span> 
     </span>
     <span class='ocr_line' id='line_1_76' title="bbox 1447 2242 2462 2294; baseline -0.001 -13"><span class='ocrx_word' id='word_1_503' title='bbox 1447 2245 1552 2282; x_wconf 79' lang='lat' dir='ltr'>exire</span> <span class='ocrx_word' id='word_1_504' title='bbox 1568 2245 1776 2282; x_wconf 88' lang='lat' dir='ltr'>intervenit</span> <span class='ocrx_word' id='word_1_505' title='bbox 1791 2244 2030 2282; x_wconf 89' lang='lat' dir='ltr'>Humbertus</span> <span class='ocrx_word' id='word_1_506' title='bbox 2049 2244 2310 2294; x_wconf 70' lang='lat' dir='ltr'>praeposstus,</span> <span class='ocrx_word' id='word_1_507' title='bbox 2332 2242 2462 2286; x_wconf 55' lang='lat' dir='ltr'>dicent</span> 
     </span>
     <span class='ocr_line' id='line_1_77' title="bbox 1449 2302 2501 2356; baseline -0.002 -13"><span class='ocrx_word' id='word_1_508' title='bbox 1449 2319 1487 2343; x_wconf 90' lang='lat' dir='ltr'>se</span> <span class='ocrx_word' id='word_1_509' title='bbox 1504 2306 1634 2356; x_wconf 88' lang='lat' dir='ltr'>potius</span> <span class='ocrx_word' id='word_1_510' title='bbox 1651 2306 1844 2342; x_wconf 75' lang='lat' dir='ltr'>exiturum</span> <span class='ocrx_word' id='word_1_511' title='bbox 1860 2333 1871 2350; x_wconf 86' lang='lat'>,</span> <span class='ocrx_word' id='word_1_512' title='bbox 1894 2314 1933 2342; x_wconf 92' lang='lat' dir='ltr'>et</span> <span class='ocrx_word' id='word_1_513' title='bbox 1950 2305 2096 2342; x_wconf 89' lang='lat' dir='ltr'>homini</span> <span class='ocrx_word' id='word_1_514' title='bbox 2115 2305 2199 2342; x_wconf 88' lang='lat' dir='ltr'>vice</span> <span class='ocrx_word' id='word_1_515' title='bbox 2219 2304 2339 2355; x_wconf 90' lang='lat' dir='ltr'>ipsius</span> <span class='ocrx_word' id='word_1_516' title='bbox 2357 2302 2472 2351; x_wconf 44' lang='lat' dir='ltr'>satia}</span> <span class='ocrx_word' id='word_1_517' title='bbox 2499 2310 2501 2315; x_wconf 65' lang='lat'><strong><em>⁴</em></strong></span> 
     </span>
     <span class='ocr_line' id='line_1_78' title="bbox 1449 2354 2502 2471; baseline -0.001 -68"><span class='ocrx_word' id='word_1_518' title='bbox 1449 2368 1650 2403; x_wconf 87' lang='lat' dir='ltr'>facturum.</span> <span class='ocrx_word' id='word_1_519' title='bbox 1673 2366 1711 2403; x_wconf 91' lang='lat' dir='ltr'>Si</span> <span class='ocrx_word' id='word_1_520' title='bbox 1731 2380 1808 2416; x_wconf 92' lang='lat' dir='ltr'>quo</span> <span class='ocrx_word' id='word_1_521' title='bbox 1828 2366 1955 2403; x_wconf 86' lang='lat' dir='ltr'>minus</span> <span class='ocrx_word' id='word_1_522' title='bbox 1983 2366 2089 2416; x_wconf 89' lang='lat' dir='ltr'>quod</span> <span class='ocrx_word' id='word_1_523' title='bbox 2122 2365 2314 2416; x_wconf 84' lang='lat' dir='ltr'>oportuit,</span> <span class='ocrx_word' id='word_1_524' title='bbox 2333 2354 2474 2471; x_wconf 55' lang='lat' dir='ltr'>actug</span> <span class='ocrx_word' id='word_1_525' title='bbox 2500 2359 2502 2361; x_wconf 66' lang='lat'>‚</span> 
     </span>
     <span class='ocr_line' id='line_1_79' title="bbox 1450 2413 2503 2477; baseline -0.003 -13"><span class='ocrx_word' id='word_1_526' title='bbox 1450 2429 1520 2465; x_wconf 90' lang='lat' dir='ltr'>fuit</span> <span class='ocrx_word' id='word_1_527' title='bbox 1539 2441 1624 2464; x_wconf 89' lang='lat' dir='ltr'>cum</span> <span class='ocrx_word' id='word_1_528' title='bbox 1646 2428 1754 2474; x_wconf 87' lang='lat' dir='ltr'>viro;</span> <span class='ocrx_word' id='word_1_529' title='bbox 1779 2426 1888 2476; x_wconf 87' lang='lat' dir='ltr'>cujus</span> <span class='ocrx_word' id='word_1_530' title='bbox 1909 2428 2020 2477; x_wconf 88' lang='lat' dir='ltr'>culpa</span> <span class='ocrx_word' id='word_1_531' title='bbox 2046 2427 2183 2472; x_wconf 81' lang='lat' dir='ltr'>fuerit,</span> <span class='ocrx_word' id='word_1_532' title='bbox 2212 2424 2325 2464; x_wconf 84' lang='lat' dir='ltr'>vobis</span> <span class='ocrx_word' id='word_1_533' title='bbox 2341 2425 2408 2463; x_wconf 88' lang='lat' dir='ltr'>reli</span> <span class='ocrx_word' id='word_1_534' title='bbox 2467 2443 2469 2446; x_wconf 93' lang='lat'>·</span> <span class='ocrx_word' id='word_1_535' title='bbox 2497 2413 2503 2460; x_wconf 65' lang='grc' dir='ltr'>ἰ</span> 
     </span>
     <span class='ocr_line' id='line_1_80' title="bbox 1449 2475 2502 2537; baseline -0.002 -13"><span class='ocrx_word' id='word_1_536' title='bbox 1449 2488 1601 2537; x_wconf 88' lang='lat' dir='ltr'>quimus</span> <span class='ocrx_word' id='word_1_537' title='bbox 1641 2486 1908 2536; x_wconf 86' lang='lat' dir='ltr'>judicandum.</span> <span class='ocrx_word' id='word_1_538' title='bbox 1946 2491 2160 2525; x_wconf 86' lang='lat' dir='ltr'>Accusatur</span> <span class='ocrx_word' id='word_1_539' title='bbox 2193 2486 2285 2530; x_wconf 79' lang='lat' dir='ltr'>item</span> <span class='ocrx_word' id='word_1_540' title='bbox 2307 2515 2318 2532; x_wconf 93' lang='lat'>‚</span> <span class='ocrx_word' id='word_1_541' title='bbox 2352 2475 2466 2536; x_wconf 42' lang='lat' dir='ltr'>quo&amp;</span> <span class='ocrx_word' id='word_1_542' title='bbox 2495 2475 2502 2514; x_wconf 72' lang='grc' dir='ltr'><strong>ἷ</strong></span> 
     </span>
     <span class='ocr_line' id='line_1_81' title="bbox 1449 2522 2503 2600; baseline 0.001 -16"><span class='ocrx_word' id='word_1_543' title='bbox 1449 2548 1594 2584; x_wconf 89' lang='lat' dir='ltr'>litteras</span> <span class='ocrx_word' id='word_1_544' title='bbox 1618 2547 1765 2584; x_wconf 87' lang='lat' dir='ltr'>domini</span> <span class='ocrx_word' id='word_1_545' title='bbox 1792 2551 1904 2598; x_wconf 85' lang='lat' dir='ltr'>Papae</span> <span class='ocrx_word' id='word_1_546' title='bbox 1927 2547 2113 2597; x_wconf 86' lang='lat' dir='ltr'>praedicto</span> <span class='ocrx_word' id='word_1_547' title='bbox 2133 2545 2349 2585; x_wconf 87' lang='lat' dir='ltr'>Humberto</span> <span class='ocrx_word' id='word_1_548' title='bbox 2368 2545 2467 2585; x_wconf 60' lang='lat' dir='ltr'>vient}</span> <span class='ocrx_word' id='word_1_549' title='bbox 2495 2522 2503 2600; x_wconf 65' lang='lat' dir='ltr'>i</span> 
     </span>
     <span class='ocr_line' id='line_1_82' title="bbox 1400 2602 2461 2658; baseline 0.002 -14"><span class='ocrx_word' id='word_1_550' title='bbox 1400 2616 1434 2651; x_wconf 89' lang='lat' dir='ltr'>D</span> <span class='ocrx_word' id='word_1_551' title='bbox 1452 2608 1574 2645; x_wconf 89' lang='lat' dir='ltr'>lenter</span> <span class='ocrx_word' id='word_1_552' title='bbox 1594 2606 1816 2654; x_wconf 89' lang='lat' dir='ltr'>abstulerit,</span> <span class='ocrx_word' id='word_1_553' title='bbox 1842 2616 1878 2644; x_wconf 90' lang='lat' dir='ltr'>et</span> <span class='ocrx_word' id='word_1_554' title='bbox 1900 2608 2101 2658; x_wconf 89' lang='lat' dir='ltr'>diruperit.</span> <span class='ocrx_word' id='word_1_555' title='bbox 2123 2606 2195 2646; x_wconf 89' lang='lat' dir='ltr'>Sed</span> <span class='ocrx_word' id='word_1_556' title='bbox 2226 2613 2376 2645; x_wconf 84' lang='lat' dir='ltr'>exstant</span> <span class='ocrx_word' id='word_1_557' title='bbox 2393 2602 2461 2646; x_wconf 45' lang='lat' dir='ltr'>lib*</span> 
     </span>
     <span class='ocr_line' id='line_1_83' title="bbox 1452 2667 2499 2721; baseline -0.001 -17"><span class='ocrx_word' id='word_1_558' title='bbox 1452 2677 1540 2705; x_wconf 84' lang='lat' dir='ltr'>terae</span> <span class='ocrx_word' id='word_1_559' title='bbox 1559 2668 1717 2717; x_wconf 82' lang='lat' dir='ltr'>integrae</span> <span class='ocrx_word' id='word_1_560' title='bbox 1737 2677 1774 2705; x_wconf 88' lang='lat' dir='ltr'>et</span> <span class='ocrx_word' id='word_1_561' title='bbox 1795 2667 1945 2706; x_wconf 87' lang='lat' dir='ltr'>bullatae</span> <span class='ocrx_word' id='word_1_562' title='bbox 1962 2683 1970 2705; x_wconf 76' lang='grc' dir='ltr'><strong><em>ε</em></strong></span> <span class='ocrx_word' id='word_1_563' title='bbox 1985 2681 2056 2705; x_wconf 89' lang='lat' dir='ltr'>nec</span> <span class='ocrx_word' id='word_1_564' title='bbox 2081 2668 2119 2705; x_wconf 84' lang='lat' dir='ltr'>vi</span> <span class='ocrx_word' id='word_1_565' title='bbox 2141 2680 2217 2714; x_wconf 87' lang='lat' dir='ltr'>eas,</span> <span class='ocrx_word' id='word_1_566' title='bbox 2235 2667 2333 2705; x_wconf 85' lang='lat' dir='ltr'>sicut</span> <span class='ocrx_word' id='word_1_567' title='bbox 2351 2671 2470 2710; x_wconf 48' lang='lat' dir='ltr'>mem</span> <span class='ocrx_word' id='word_1_568' title='bbox 2498 2712 2499 2721; x_wconf 13' lang='grc' dir='ltr'>ἵ</span> 
     </span>
     <span class='ocr_line' id='line_1_84' title="bbox 1450 2716 2462 2779; baseline 0 -15"><span class='ocrx_word' id='word_1_569' title='bbox 1450 2728 1556 2774; x_wconf 86' lang='lat' dir='ltr'>titur,</span> <span class='ocrx_word' id='word_1_570' title='bbox 1573 2729 1711 2773; x_wconf 86' lang='lat' dir='ltr'>amisit,</span> <span class='ocrx_word' id='word_1_571' title='bbox 1732 2729 1799 2766; x_wconf 86' lang='lat' dir='ltr'>sed</span> <span class='ocrx_word' id='word_1_572' title='bbox 1819 2737 1958 2779; x_wconf 88' lang='lat' dir='ltr'>sponte</span> <span class='ocrx_word' id='word_1_573' title='bbox 1980 2728 2139 2775; x_wconf 88' lang='lat' dir='ltr'>dimisit,</span> <span class='ocrx_word' id='word_1_574' title='bbox 2153 2727 2315 2766; x_wconf 87' lang='lat' dir='ltr'>consilio</span> <span class='ocrx_word' id='word_1_575' title='bbox 2331 2716 2462 2776; x_wconf 70' lang='lat' dir='ltr'>utique&#39;·</span> 
     </span>
     <span class='ocr_line' id='line_1_85' title="bbox 1449 2783 2463 2838; baseline 0.004 -14"><span class='ocrx_word' id='word_1_576' title='bbox 1449 2789 1597 2825; x_wconf 84' lang='lat' dir='ltr'>comitis</span> <span class='ocrx_word' id='word_1_577' title='bbox 1621 2788 1830 2826; x_wconf 86' lang='lat' dir='ltr'>Theobaldi</span> <span class='ocrx_word' id='word_1_578' title='bbox 1845 2790 1878 2835; x_wconf 85' lang='lat'>*,</span> <span class='ocrx_word' id='word_1_579' title='bbox 1895 2798 1933 2826; x_wconf 87' lang='lat' dir='ltr'>et</span> <span class='ocrx_word' id='word_1_580' title='bbox 1958 2797 2104 2826; x_wconf 90' lang='lat' dir='ltr'>nostro.</span> <span class='ocrx_word' id='word_1_581' title='bbox 2128 2788 2280 2826; x_wconf 88' lang='lat' dir='ltr'>Dicitur</span> <span class='ocrx_word' id='word_1_582' title='bbox 2307 2783 2463 2838; x_wconf 49' lang='lat' dir='ltr'>quoq&amp;</span> 
     </span>
     <span class='ocr_line' id='line_1_86' title="bbox 1449 2840 2467 2900; baseline -0.001 -15"><span class='ocrx_word' id='word_1_583' title='bbox 1449 2840 1554 2898; x_wconf 74' lang='lat' dir='ltr'>quod</span> <span class='ocrx_word' id='word_1_584' title='bbox 1572 2849 1758 2898; x_wconf 82' lang='lat' dir='ltr'>quosdam</span> <span class='ocrx_word' id='word_1_585' title='bbox 1786 2850 1995 2887; x_wconf 85' lang='lat' dir='ltr'>monachos</span> <span class='ocrx_word' id='word_1_586' title='bbox 2014 2850 2054 2886; x_wconf 92' lang='lat' dir='ltr'>in</span> <span class='ocrx_word' id='word_1_587' title='bbox 2073 2848 2293 2900; x_wconf 85' lang='lat' dir='ltr'>captionem</span> <span class='ocrx_word' id='word_1_588' title='bbox 2317 2843 2467 2898; x_wconf 46' lang='lat' dir='ltr'>posuer</span> 
     </span>
     <span class='ocr_line' id='line_1_87' title="bbox 1448 2905 2499 2960; baseline -0.001 -15"><span class='ocrx_word' id='word_1_589' title='bbox 1448 2909 1508 2945; x_wconf 90' lang='lat' dir='ltr'>rit.</span> <span class='ocrx_word' id='word_1_590' title='bbox 1537 2914 1664 2959; x_wconf 78' lang='lat' dir='ltr'>Atque</span> <span class='ocrx_word' id='word_1_591' title='bbox 1689 2909 1725 2946; x_wconf 90' lang='lat' dir='ltr'>id</span> <span class='ocrx_word' id='word_1_592' title='bbox 1753 2910 1910 2960; x_wconf 88' lang='lat' dir='ltr'>quidem</span> <span class='ocrx_word' id='word_1_593' title='bbox 1944 2910 2092 2947; x_wconf 88' lang='lat' dir='ltr'>falsum.</span> <span class='ocrx_word' id='word_1_594' title='bbox 2123 2908 2198 2948; x_wconf 90' lang='lat' dir='ltr'>Sed</span> <span class='ocrx_word' id='word_1_595' title='bbox 2226 2908 2257 2946; x_wconf 90' lang='lat' dir='ltr'>si</span> <span class='ocrx_word' id='word_1_596' title='bbox 2275 2905 2465 2958; x_wconf 57' lang='lat' dir='ltr'>quosda-</span> <span class='ocrx_word' id='word_1_597' title='bbox 2495 2918 2499 2929; x_wconf 71' lang='lat'><strong>²</strong></span> 
     </span>
     <span class='ocr_line' id='line_1_88' title="bbox 1452 2943 2504 3027; baseline -0.001 -22"><span class='ocrx_word' id='word_1_598' title='bbox 1452 2969 1670 3007; x_wconf 84' lang='lat' dir='ltr'>turbatores</span> <span class='ocrx_word' id='word_1_599' title='bbox 1696 2979 1733 3006; x_wconf 80' lang='lat' dir='ltr'>ct</span> <span class='ocrx_word' id='word_1_600' title='bbox 1761 2971 2046 3020; x_wconf 87' lang='lat' dir='ltr'>conspiratores</span> <span class='ocrx_word' id='word_1_601' title='bbox 2066 2970 2106 3007; x_wconf 90' lang='lat' dir='ltr'>in</span> <span class='ocrx_word' id='word_1_602' title='bbox 2131 2969 2282 3006; x_wconf 85' lang='lat' dir='ltr'>diversa</span> <span class='ocrx_word' id='word_1_603' title='bbox 2301 2964 2466 3005; x_wconf 57' lang='lat' dir='ltr'>clausum*</span> <span class='ocrx_word' id='word_1_604' title='bbox 2494 2943 2504 3027; x_wconf 58' lang='lat' dir='ltr'>{l</span> 
     </span>
     <span class='ocr_line' id='line_1_89' title="bbox 1453 3025 2466 3082; baseline -0.002 -16"><span class='ocrx_word' id='word_1_605' title='bbox 1453 3029 1601 3076; x_wconf 86' lang='lat' dir='ltr'>divisit,</span> <span class='ocrx_word' id='word_1_606' title='bbox 1618 3044 1665 3068; x_wconf 84' lang='lat' dir='ltr'>ne</span> <span class='ocrx_word' id='word_1_607' title='bbox 1685 3031 1798 3068; x_wconf 88' lang='lat' dir='ltr'>simul</span> <span class='ocrx_word' id='word_1_608' title='bbox 1816 3031 1932 3082; x_wconf 88' lang='lat' dir='ltr'>positi</span> <span class='ocrx_word' id='word_1_609' title='bbox 1953 3032 2039 3082; x_wconf 90' lang='lat' dir='ltr'>plus</span> <span class='ocrx_word' id='word_1_610' title='bbox 2054 3038 2239 3068; x_wconf 85' lang='lat' dir='ltr'>nocerent</span> <span class='ocrx_word' id='word_1_611' title='bbox 2255 3057 2265 3075; x_wconf 94' lang='lat'>,</span> <span class='ocrx_word' id='word_1_612' title='bbox 2282 3027 2368 3079; x_wconf 88' lang='lat' dir='ltr'>quis</span> <span class='ocrx_word' id='word_1_613' title='bbox 2388 3025 2466 3064; x_wconf 67' lang='lat' dir='ltr'>hoo</span> 
     </span>
     <span class='ocr_line' id='line_1_90' title="bbox 1453 3086 2464 3142; baseline -0.003 -15"><span class='ocrx_word' id='word_1_614' title='bbox 1453 3099 1554 3128; x_wconf 86' lang='lat' dir='ltr'>recte</span> <span class='ocrx_word' id='word_1_615' title='bbox 1581 3090 1757 3140; x_wconf 84' lang='lat' dir='ltr'>judicans</span> <span class='ocrx_word' id='word_1_616' title='bbox 1785 3091 2066 3142; x_wconf 75' lang='lat' dir='ltr'>reprehendat?</span> <span class='ocrx_word' id='word_1_617' title='bbox 2092 3095 2177 3129; x_wconf 85' lang='lat' dir='ltr'>Jam</span> <span class='ocrx_word' id='word_1_618' title='bbox 2208 3089 2256 3127; x_wconf 83' lang='lat' dir='ltr'>de</span> <span class='ocrx_word' id='word_1_619' title='bbox 2283 3086 2392 3126; x_wconf 81' lang='lat' dir='ltr'>terris</span> <span class='ocrx_word' id='word_1_620' title='bbox 2421 3090 2464 3124; x_wconf 58' lang='grc'>8</span> 
     </span>
     <span class='ocr_line' id='line_1_91' title="bbox 1451 3140 2499 3202; baseline 0.002 -15"><span class='ocrx_word' id='word_1_621' title='bbox 1451 3149 1563 3188; x_wconf 91' lang='lat' dir='ltr'>bonis</span> <span class='ocrx_word' id='word_1_622' title='bbox 1584 3152 1750 3189; x_wconf 81' lang='lat' dir='ltr'>ecclesiae</span> <span class='ocrx_word' id='word_1_623' title='bbox 1781 3153 1889 3202; x_wconf 88' lang='lat' dir='ltr'>quasi</span> <span class='ocrx_word' id='word_1_624' title='bbox 1918 3152 2108 3190; x_wconf 86' lang='lat' dir='ltr'>distractis</span> <span class='ocrx_word' id='word_1_625' title='bbox 2137 3160 2175 3189; x_wconf 91' lang='lat' dir='ltr'>et</span> <span class='ocrx_word' id='word_1_626' title='bbox 2202 3147 2402 3193; x_wconf 81' lang='lat' dir='ltr'>alienatis,</span> <span class='ocrx_word' id='word_1_627' title='bbox 2421 3140 2466 3185; x_wconf 49' lang='grc' dir='ltr'><strong>ὦ</strong></span> <span class='ocrx_word' id='word_1_628' title='bbox 2496 3154 2499 3194; x_wconf 67' lang='grc' dir='ltr'><em>ζ</em></span> 
     </span>
     <span class='ocr_line' id='line_1_92' title="bbox 1450 3205 2500 3263; baseline -0.002 -16"><span class='ocrx_word' id='word_1_629' title='bbox 1450 3211 1547 3249; x_wconf 84' lang='lat' dir='ltr'>datis</span> <span class='ocrx_word' id='word_1_630' title='bbox 1574 3211 1621 3249; x_wconf 84' lang='lat' dir='ltr'>ab</span> <span class='ocrx_word' id='word_1_631' title='bbox 1651 3226 1697 3249; x_wconf 80' lang='lat' dir='ltr'>eo</span> <span class='ocrx_word' id='word_1_632' title='bbox 1718 3213 1890 3263; x_wconf 83' lang='lat' dir='ltr'>cognatis</span> <span class='ocrx_word' id='word_1_633' title='bbox 1906 3213 1984 3251; x_wconf 88' lang='lat' dir='ltr'>suis</span> <span class='ocrx_word' id='word_1_634' title='bbox 1997 3242 2008 3260; x_wconf 89' lang='lat'>‚</span> <span class='ocrx_word' id='word_1_635' title='bbox 2029 3225 2160 3250; x_wconf 87' lang='lat' dir='ltr'>coram</span> <span class='ocrx_word' id='word_1_636' title='bbox 2180 3205 2462 3261; x_wconf 53' lang='lat' dir='ltr'>venerabilibus·</span> <span class='ocrx_word' id='word_1_637' title='bbox 2496 3217 2500 3238; x_wconf 77' lang='lat'><strong><em>¹</em></strong></span> 
     </span>
    </p>
   </div>
   <div class='ocr_carea' id='block_1_20' title="bbox 2491 160 2533 2483">
    <p class='ocr_par' dir='ltr' id='par_1_20' title="bbox 2491 160 2533 2483">
     <span class='ocr_line' id='line_1_93' title="bbox 2491 160 2533 2483; baseline 0 -210"><span class='ocrx_word' id='word_1_638' title='bbox 2491 160 2533 2483; x_wconf 95' lang='lat' dir='ltr'>    </span> 
     </span>
    </p>
   </div>
   <div class='ocr_carea' id='block_1_21' title="bbox 2491 2503 2533 3402">
    <p class='ocr_par' dir='ltr' id='par_1_21' title="bbox 2491 2503 2533 3402">
     <span class='ocr_line' id='line_1_94' title="bbox 2491 2503 2533 2681; baseline 0 -42"><span class='ocrx_word' id='word_1_639' title='bbox 2491 2503 2533 2681; x_wconf 95' lang='lat' dir='ltr'>    </span> 
     </span>
     <span class='ocr_line' id='line_1_95' title="bbox 2500 2681 2533 2872; baseline 0 -50"><span class='ocrx_word' id='word_1_640' title='bbox 2500 2681 2533 2872; x_wconf 95' lang='lat' dir='ltr'>   </span> 
     </span>
     <span class='ocr_line' id='line_1_96' title="bbox 2491 2924 2533 3402; baseline 0 -436"><span class='ocrx_word' id='word_1_641' title='bbox 2491 2924 2495 2966; x_wconf 95' lang='lat' dir='ltr'> </span> <span class='ocrx_word' id='word_1_642' title='bbox 2502 2924 2533 3402; x_wconf 95' lang='lat' dir='ltr'>  </span> 
     </span>
    </p>
   </div>
  </div>
 </body>
</html>
