2565 3952
116 170 188 207 273

113 260 190 284 non
205 243 389 289 attendis,
410 241 539 279 videat
556 242 638 292 ipse
655 249 693 278 et
710 239 869 290 judicet.
887 240 1035 279 Scimus
1054 254 1124 277 au·

1033 165 1298 203 EPISTOLE.
2136 171 2182 208 ‘27
2194 171 2208 209 ’ἱ

1136 239 1183 257 ‹0‘1

1194 241 1266 287 rit,
1286 250 1324 278 et
1351 255 1464 278 nemo
1493 241 1658 287 claudit,
1681 242 1728 279 ad
1757 242 1864 293 cujus
1894 245 2093 284 introitum
2126 264 2212 287 cum

113 317 208 353 tem,
232 304 338 356 quod
368 303 507 340 merito
535 302 809 348 formidamus,
842 301 996 338 difficile
1015 314 1128 351 posse
1147 301 1177 334 A
1197 302 1303 339 omni
1324 302 1552 338 auctoritate
1583 303 1760 352 supernis
1784 305 2038 353 potestatibus
2069 307 2213 345 dicere-

111 366 290 418 congredi
315 373 442 402 tantos
462 364 653 401 exercitus
668 362 813 413 absque
828 362 1029 412 utriusque
1044 376 1128 413 par-

112 429 156 466 tis
175 425 396 478 gravissima
416 433 555 474 strage.

107 567 1126 583 ιιιιιιιιιιιιιιιιιιιιιιιιιιιιιιιιιιιιιιιιιιιιιιιιιιιιιιιιιιιιιιιιιιιιι

251 697 635 756 EPISTOLA
678 696 952 755 XCVIII.

160 859 208 882 DE
239 857 472 891 MACEABAEIS,
503 857 571 880 SED
609 857 656 879 AD
689 857 794 887 QUEM
827 856 978 880 semen
1011 857 1069 881 sn·

479 916 697 940 loxonxrca
710 903 740 940 *.

103 1035 285 1079 Respondet
305 1035 345 1067 ad
363 1036 571 1078 quaestionem
586 1061 594 1075 ‚
615 1047 671 1068 cur
696 1048 734 1068 ex
754 1037 846 1079 justis
866 1037 1004 1079 antiquae
1021 1037 1097 1079 legis
1112 1061 1119 1075 ‚
1143 1037 1169 1072 Β
1190 1050 1289 1074 mam
1307 1039 1321 1073 Ρ
1354 1037 1555 1075 [Diversis
1594 1051 1735 1089 nempe
1782 1046 1858 1074 tam
1900 1034 2058 1085 veteris,

164 1091 237 1123 solis
260 1091 454 1123 Machahaeis
477 1092 614 1124 Ecclesia
635 1092 718 1124 diem
741 1092 854 1124 festum
871 1092 1055 1125 decreverit.

154 1220 308 1268 LQuod
322 1234 393 1271 per
406 1221 560 1258 fratrem
577 1221 824 1258 Hcscelinum
836 1226 850 1243 ⁸
871 1230 933 1259 tua
950 1223 1123 1261 Charitas

101 1283 226 1318 a'mea
246 1282 436 1331 parvitate
457 1282 634 1332 quaesivit
649 1312 657 1328 ‚
680 1281 771 1318 iude
784 1281 865 1330 jam
882 1282 929 1319 ad
951 1296 1011 1319 me
1029 1284 1123 1320 scri-

99 1350 228 1392 pserat
247 1342 364 1379 Fulco
386 1343 660 1392 Sparnacensis
681 1341 799 1379 abbas
814 1342 842 1380 *.
875 1344 945 1380 Cui
975 1357 1046 1394 ego
1068 1345 1121 1381 nil

101 1402 298 1454 rescripsi;
316 1403 452 1440 volens
472 1403 502 1440 si
519 1417 634 1453 quam
657 1404 755 1441 forte
777 1417 893 1454 super
910 1404 984 1441 hoc
1007 1419 1121 1456 repe-

100 1464 231 1502 rissem
266 1467 424 1501 Patrum
459 1465 689 1501 sententiam
709 1494 719 1512 ‚
753 1464 875 1515 ipsam
916 1465 1047 1516 potius
1085 1467 1119 1503 ei

101 1525 378 1572 transmittere,
401 1538 517 1575 quam
546 1539 693 1562 novum
716 1526 778 1563 vel
803 1535 980 1563 nostrum
1002 1527 1120 1577 quid-

100 1586 201 1636 piam
229 1585 466 1636 respondere
487 1601 495 1623 ε
518 1600 594 1637 qua
620 1600 699 1624 nou
729 1587 838 1624 facile
863 1597 1092 1625 occurrente
1108 1617 1118 1635 ,

95 1646 173 1697 jam
191 1646 297 1697 quod
318 1647 444 1684 sentio
469 1661 559 1698 ego,
592 1648 645 1685 sic
675 1648 830 1685 interim
868 1649 1021 1699 utrique
1054 1663 1117 1687 re·

99 1708 295 1760 spondeo,
324 1717 368 1746 ut
403 1709 678 1760 quodcumque
717 1710 816 1748 forte
850 1710 1119 1749 rationabilius

100 1768 260 1820 quilibet
296 1778 469 1807 vestrum
508 1784 626 1821 super
664 1771 799 1808 eadem
835 1772 1118 1822 quaestiuncula

1196 371 1258 399 tur
1271 391 1281 409 ,
1305 364 1436 398 Tollite
1448 367 1829 412 portas,prim·ipe.s·‚
1852 375 2020 410 vestram
2039 376 2073 402 et
2094 371 2215 404 eleva-

1195 429 1309 470 mim',
1328 434 1457 473 porta:
1476 426 1689 470 aeternales,
1710 433 1746 460 et
1762 426 1930 462 introibit
1942 430 2026 463 Rea:
2040 431 2172 477 glorc'oe
2188 438 2213 467 ¹.

1194 485 1362 523 Proinde
1383 485 1411 522 si
1437 485 1694 534 incongruum
1713 485 1866 523 videtur
1885 501 1970 524 cum
1990 488 2129 537 gaudio
2148 503 2211 526 re-

1195 547 1322 584 colere
1340 546 1543 584 transitum
1572 546 1638 596 qui
1662 546 1790 595 gaudii
1807 561 1887 584 non
1916 549 2006 594 fuit,
2037 559 2216 586 caveatur

1194 616 1232 645 et
1252 608 1290 645 in
1312 608 1392 645 istis
1417 622 1425 644 ε
1449 615 1515 644 aut
1535 606 1564 644 si
1585 607 1677 644 istos
1697 606 1747 643 ob
1768 621 1846 645 suae
1863 609 2017 646 virtutis
2034 610 2214 647 meritum

1195 669 1331 707 festivo
1347 668 1531 719 prosequi
1546 668 1677 705 favore
1694 669 1843 718 placet,
1875 684 1943 707 cur
1972 684 2051 707 non
2080 670 2214 708 itidem

1195 730 1389 768 deferetur
1407 738 1444 767 et
1461 730 1534 766 illis
1550 731 1564 766 Ρ

1249 792 1285 830 2.
1318 797 1378 830 An
1411 791 1619 829 dicendum
1657 801 1713 830 est
1729 823 1738 841 ,
1771 801 1956 843 utrosque
1991 792 2145 843 quidem
2174 794 2215 830 in

1191 863 1316 891 morte
1352 867 1597 891 communem
1641 854 1820 892 habuisse
1856 868 1943 892 cum
1980 854 2215 904 martyribus

1191 915 1343 965 pietatis
1362 928 1514 952 causam
1529 945 1538 961 ‚
1561 915 1628 952 sed
1646 929 1725 953 non
1742 917 1857 953 etiam
1871 924 2057 966 utrosque
2072 917 2217 967 pariter

1191 975 1365 1013 eamdem
1393 989 1479 1012 cum
1506 975 1578 1013 illis
1596 976 1758 1027 adeptos
1788 976 1903 1014 fuisse
1933 977 2109 1026 martyrii
2132 978 2216 1014 for-

2100 1052 2214 1088 quam

1190 1099 1280 1136 novi
1303 1099 1536 1136 Testamenti
1558 1098 1795 1148 martyribus
1816 1112 1923 1149 aeque
1941 1100 2121 1136 convenit
2141 1114 2214 1150 pro

1185 1159 1335 1209 justitia
1357 1159 1585 1197 occubuisse
1605 1175 1612 1196 :
1636 1160 1700 1197 sed
1724 1160 1883 1197 interest
1905 1159 2010 1209 quod
2034 1160 2094 1197 isti
2113 1162 2214 1211 passi

1191 1230 1280 1259 sunt
1295 1251 1304 1268 ‚
1327 1221 1416 1272 quia
1430 1221 1532 1257 illam
1552 1219 1760 1265 tenebant3
1781 1221 1834 1257 illi
1850 1251 1858 1267 ‚
1879 1221 1967 1270 quia
1981 1234 2059 1257 non
2076 1229 2214 1258 tenen—

1191 1291 1248 1320 tes
1268 1281 1607 1333 reprehendebant
1628 1297 1635 1318 :
1657 1282 1740 1327 isti,
1761 1281 1866 1332 quod
1891 1295 1974 1318 eam
2000 1296 2078 1319 non
2103 1282 2212 1320 dese-

1190 1352 1345 1390 rerent3
1366 1343 1445 1389 illi,
1475 1343 1582 1392 quod
1605 1342 1825 1379 deserentes
1841 1342 2035 1392 perituros
2054 1356 2134 1380 esse
2154 1357 2214 1381 as-

1190 1412 1373 1441 sererent.
1392 1407 1440 1441 Et
1457 1412 1500 1440 ut
1515 1402 1687 1440 breviter
1709 1411 1834 1439 totum
1852 1402 1890 1439 in
1907 1417 1985 1453 quo
2003 1403 2187 1441 differunt
2203 1434 2212 1451 ‚

1187 1466 1433 1516 proferamus
1466 1480 1472 1502 :
1503 1465 1574 1502 hos
1612 1465 1737 1501 cultus
1755 1494 1764 1511 ‚
1798 1464 1883 1501 illos
1923 1465 2026 1501 zelus
2055 1463 2214 1514 justitiae

1188 1535 1378 1576 martyres
1418 1526 1518 1562 fecit.
1554 1525 1632 1563 Soli
1662 1538 1709 1562 ex
1743 1524 1940 1562 veteribus
1977 1525 2185 1564 Machabaei
2202 1557 2212 1574 ,

1188 1588 1280 1638 quia
1317 1601 1396 1624 non
1428 1587 1553 1624 solum
1587 1600 1764 1633 causam,
1795 1585 1861 1623 sed
1894 1594 1931 1622 et
1960 1586 2120 1623 formam
2139 1616 2148 1632 ‚
2171 1595 2214 1624 ut

1188 1648 1267 1685 dixi
1282 1678 1291 1694 ‚
1309 1648 1401 1685 novi
1423 1647 1598 1697 martyrii
1619 1655 1846 1693 tenuerunt3
1865 1645 1953 1696 jure
1984 1647 2144 1684 fortasse
2175 1648 2214 1684 in

1188 1709 1360 1747 Ecclesia
1388 1723 1473 1746 cum
1508 1708 1620 1746 novis
1649 1708 1829 1746 Ecclesiae
1852 1707 2088 1757 martyribus
2107 1722 2212 1745 eam-

1188 1772 1274 1809 dem
1291 1779 1486 1809 consuetae
1505 1769 1736 1807 celebritatis
1754 1769 1914 1819 gloriam
1931 1770 2092 1806 assecuti
2110 1779 2210 1807 sunt.

98 1830 329 1882 quandoque
346 1832 410 1882 vel
432 1832 586 1882 legerit,
621 1834 684 1870 vel
710 1833 898 1880 audierit,
918 1834 981 1870 vel
1011 1843 1115 1871 certe
1137 1835 1164 1870 C
1185 1837 1313 1871 Instar
1343 1833 1489 1883 quippe
1520 1840 1736 1881 martyrum
1770 1838 1996 1867 nostrorum
2027 1829 2146 1867 libare
2177 1839 2214 1867 et

97 1892 177 1943 ipse
193 1892 354 1929 senserit
367 1921 377 1939 ‚
398 1893 493 1930 mihi
506 1893 674 1931 vicissim
690 1894 883 1945 impartiri
898 1908 977 1932 non
994 1896 1117 1946 negli-

98 1962 170 2004 gat.
191 1954 339 2003 Quaeris
367 1955 518 2005 itaque,
557 1956 745 2006 quidnam
778 1957 902 1994 visum
938 1956 1116 1996 Patribus

97 2014 230 2062 fuerit,
253 2024 296 2053 ut
318 2015 407 2053 solis
435 2030 484 2054 ex
504 2017 686 2054 omnibus
717 2017 885 2068 antiquis
902 2016 1016 2067 justis
1036 2019 1115 2056 sin-

70 2121 78 2124 *
97 2076 216 2127 gulari
245 2077 414 2127 quodam
446 2078 649 2129 privilegio
682 2078 913 2116 Machabaeis
944 2093 1112 2117 annuam

99 2136 354 2175 celebritatem
369 2139 455 2189 pari
473 2152 560 2176 cum
579 2140 719 2177 nostris
737 2139 973 2190 martyribus
995 2154 1114 2178 vene-

97 2199 242 2235 ratione
263 2198 518 2236 decernerent
542 2200 580 2236 in
604 2201 774 2238 Ecclesia
800 2202 1025 2238 solemniter
1046 2215 1114 2238 ex—

96 2257 324 2297 hibendam?
344 2261 382 2299 Si
412 2260 549 2298 dixero
573 2261 709 2311 dignos
728 2262 868 2299 merito
897 2271 1110 2312 martyrum

96 2319 436 2370 gloriajudicatos‚
454 2321 595 2372 quibus
613 2336 691 2360 non
714 2323 841 2374 impar
857 2324 927 2361 fuit
942 2324 981 2360 in
1005 2338 1111 2361 mar-

97 2381 194 2430 tyrio
213 2382 354 2430 virtus3
376 2383 449 2420 erit
481 2383 639 2421 forsitan
674 2385 843 2422 solutum
857 2414 866 2431 ,
888 2399 956 2422 cur
976 2385 1081 2436 ipsos
1098 2415 1108 2433 ‚

95 2441 159 2478 sed
176 2443 339 2480 necdum
360 2444 475 2495 plane
494 2459 563 2482 cur
578 2445 682 2483 solos
701 2461 709 2484 :
732 2459 818 2484 cum
838 2455 876 2483 et
896 2447 991 2483 alios
1009 2460 1110 2484 non-

95 2503 218 2542 nullos
242 2518 288 2542 ex
320 2505 516 2544 veteribus
547 2508 633 2558 pari
661 2516 812 2545 constet
841 2508 923 2545 zelo
956 2509 1108 2559 pietatis

94 2564 337 2612 occubuisse,
360 2580 441 2603 non
462 2575 588 2604 tamen
613 2568 698 2618 pari
724 2576 762 2605 et
794 2568 967 2619 tripudio
990 2570 1107 2606 recoli

1184 1895 1258 1946 ipsi
1288 1895 1360 1932 diis
1390 1893 1543 1937 alienis,
1566 1893 1811 1944 patriamque
1844 1891 2024 1929 deserere
2059 1892 2180 1942 legem
2199 1921 2208 1939 ,

1184 1956 1262 1994 imo
1296 1955 1477 1993 mandata
1507 1955 1578 1993 Dei
1611 1953 1824 2004 transgredi
1857 1953 2116 2004 cogebantur3
2150 1967 2212 1991 re—

1183 2017 1376 2064 nuebant,
1397 2025 1435 2054 et
1450 2016 1730 2054 moriebantur.

1238 2081 1273 2117 3.
1293 2082 1378 2117 Non
1400 2079 1452 2116 sic
1471 2078 1606 2123 Isaias,
1628 2091 1707 2114 non
1729 2076 1782 2113 sic
1799 2076 1999 2113 Zacharias
2013 2105 2022 2122 ,
2044 2089 2124 2112 non
2145 2075 2212 2113 de-

1184 2140 1300 2190 nique
1316 2139 1376 2176 vel
1403 2152 1564 2189 magnus
1584 2139 1647 2175 ille
1662 2142 1832 2176 Joannes
1850 2137 2017 2187 Baptista
2040 2137 2090 2173 ita
2106 2150 2213 2173 mor—

1183 2209 1271 2238 tuus
1301 2209 1358 2238 est
1392 2215 1400 2237 ε
1431 2213 1597 2250 quorum
1624 2199 1775 2249 primus
1797 2211 1899 2235 serra
1925 2198 2047 2234 fertur
2073 2197 2210 2235 scissus

1181 2261 1297 2298 fuisse
1314 2277 1322 2308 3
1346 2261 1537 2298 secundus
1558 2260 1659 2297 inter
1680 2260 1866 2309 templum
1884 2268 1921 2296 et
1938 2260 2054 2296 altare
2071 2258 2210 2308 legitur

1181 2322 1328 2359 occisus
1342 2328 1379 2368 ²3
1403 2321 1537 2358 tertius
1563 2321 1603 2357 in
1626 2333 1779 2358 carcere
1801 2319 2024 2357 decollatus.
2043 2320 2079 2358 Si
2099 2333 2207 2369 quae-

1178 2383 1295 2429 ritur,
1317 2396 1338 2419 a
1363 2381 1532 2432 quibus?
1560 2380 1607 2418 ab
1639 2380 1794 2430 injustis
1826 2389 1864 2417 ct
1885 2381 2025 2430 impiis.
2063 2380 2100 2417 Si
2129 2394 2205 2430 qua

1178 2444 1317 2481 causa?
1336 2456 1408 2493 pro
1420 2441 1569 2492 justitia
1586 2450 1623 2479 et
1639 2442 1792 2492 pietate.
1813 2441 1849 2478 Si
1867 2440 2094 2490 quomodo?
2122 2455 2201 2478 non

1177 2514 1252 2542 tam
1271 2518 1333 2542 eas
1358 2502 1599 2548 confitendo,
1621 2516 1736 2552 quam
1753 2501 2028 2552 proponendo.
2050 2505 2202 2552 Propo—

1175 2565 1321 2603 nebant
1336 2565 1537 2602 veritatem
1557 2561 1802 2600 odientibusa
1832 2575 1915 2598 eam
1942 2577 1949 2597 :
1969 2562 2108 2598 veritas
2126 2575 2198 2612 pa—

93 2627 284 2666 meruisse.
309 2628 423 2678 Quod
442 2629 473 2666 si
498 2629 573 2666 illis
601 2643 682 2666 non
710 2630 905 2667 immerito
928 2630 1105 2680 hujusce-
1127 2635 1159 2669 D
1176 2627 1298 2664 ricbat
1317 2626 1370 2663 eis
1388 2625 1543 2671 odium,
1566 2633 1604 2661 et
1631 2623 1763 2661 odium
1794 2632 1972 2678 mortem.
2003 2623 2113 2660 Licet
2139 2623 2202 2659 in-

91 2686 193 2725 modi
207 2688 354 2739 legatur
370 2689 553 2731 solemnis
569 2689 770 2728 celebritas
783 2720 792 2737 ‚
813 2691 902 2741 quia
919 2692 1103 2729 nimirum

92 2747 194 2797 quod
221 2748 387 2799 praebuit
418 2750 566 2797 virtus,
598 2752 801 2802 praeripuit
829 2761 982 2803 tempus
1006 2768 1013 2789 :
1036 2767 1105 2790 cur

91 2819 167 2844 non
188 2817 225 2846 et
244 2809 377 2848 eadem
401 2811 473 2848 fuit
491 2811 532 2848 in
560 2811 789 2850 Machabaeis
817 2813 1103 2851 consideratio?

91 2867 273 2918 siquidem
307 2879 345 2908 et
375 2871 450 2922 ipsi
478 2885 551 2922 pro
585 2881 783 2924 tempore,
815 2887 894 2910 non
927 2874 975 2910 ad
1016 2875 1102 2912 coeli

51 2960 52 2963 ,
91 2941 179 2966 mox
194 2931 329 2980 gaudia
343 2961 354 2979 ‚
375 2932 442 2970 sed
463 2932 510 2970 ad
530 2933 670 2970 inferni
688 2933 866 2971 tenebras
888 2934 1101 2973 descende-

91 2998 203 3028 runt:
225 3005 272 3028 ne
300 3000 391 3030 tunc
421 2993 568 3044 quippe
589 3003 801 3045 apparente
835 2995 1102 3045 Primogenito

89 3062 136 3086 ex
151 3053 331 3100 mortuis,
353 3055 420 3105 qui
436 3056 604 3106 aperiret
621 3055 867 3093 credentibus
890 3069 1007 3106 regna
1024 3071 1102 3094 coe-

89 3109 211 3150 lorum
227 3129 238 3161 ;
254 3117 364 3164 Agno
389 3115 568 3154 videlicet
588 3116 635 3154 de
663 3116 763 3155 tribu
788 3116 907 3164 Juda‚
925 3117 991 3167 qui
1010 3131 1101 3168 ape-

138 3252 149 3268 ²
167 3249 247 3280 Psal.
266 3261 373 3287 xxm,
389 3253 420 3283 7.
438 3270 483 3274 —
499 3252 650 3299 {Manu
666 3265 757 3285 xxm
770 3279 778 3293 ‚
801 3258 855 3286 35.

1167 2689 1262 2740 justi
1280 2698 1317 2726 et
1333 2688 1466 2738 impii,
1487 2700 1566 2724 non
1596 2695 1672 2724 tam
1699 2695 1825 2723 tamen
1852 2685 1891 2722 in
1913 2685 1986 2722 illis
2015 2685 2196 2735 pietatem

1171 2749 1528 2802 persequebantur,
1564 2761 1679 2798 quam
1707 2762 1728 2784 a
1756 2761 1795 2784 se
1819 2745 2056 2797 repellebant
2086 2761 2093 2782 ε
2125 2759 2197 2783 nec

1172 2820 1248 2848 tam
1269 2810 1308 2847 in
1327 2810 1484 2847 illorum
1499 2807 1688 2858 justitiam
1707 2806 1947 2852 ferebantur,
1967 2820 2081 2856 quam
2098 2819 2193 2856 pro-

1169 2872 1292 2923 priam
1327 2870 1537 2908 tuebantur
1568 2868 1809 2919 injustitiam.
1842 2867 1956 2906 Aliud
1987 2876 2043 2905 est
2069 2868 2194 2904 aliena

1168 2932 1353 2971 invadere
1367 2961 1376 2978 ‚
1399 2931 1503 2969 aliud
1520 2930 1727 2968 defendere
1749 2944 1828 2968 sua.
1846 2933 1932 2968 Non
1951 2937 2007 2966 est
2024 2928 2188 2979 idipsum

1169 2994 1272 3031 nolle
1308 2993 1416 3043 sequi
1446 2992 1670 3037 veritatem,
1706 2999 1743 3028 et
1770 2990 1974 3041 persequi3
2016 2988 2191 3025 invidere

1169 3053 1440 3100 credentibus,
1465 3062 1502 3090 et
1517 3051 1808 3104 increpantibus
1832 3050 2048 3100 indignari:
2072 3048 2188 3085 obtu-

1169 3129 1254 3154 rare
1281 3129 1326 3153 os
1352 3115 1621 3153 confitentium
1637 3144 1647 3162 ‚
1666 3123 1703 3151 et
1724 3112 2035 3163 redarguentium
2053 3110 2189 3148 stimu—

133 3310 149 3327 ²
161 3310 341 3342 Hescelinus
354 3336 361 3349 ‚
386 3313 474 3354 cujus
498 3313 549 3346 hic
565 3315 681 3347 mentio
694 3340 701 3354 ‚
724 3315 846 3347 xidetur
862 3327 928 3348 esse
945 3316 1113 3348 canonicus
1132 3315 1315 3353 Insulanus‚
1333 3313 1372 3344 (le
1389 3325 1451 3356 quo
1467 3314 1496 3344 iu
1518 3319 1602 3343 tomo
1621 3311 1722 3354 primo
1744 3309 1966 3341 Analectoriuu
1981 3331 1988 3340 ,
2008 3315 2077 3347 paz.
2101 3306 2180 3334 128¹).

136 3353 152 3378 *²
170 3363 274 3403 Alias,
289 3363 501 3398 audientibus.
