2517 3936
149 175 247 211 1489

806 180 951 216 LIBER
982 181 1046 216 DE
1075 181 1188 216 VITA
1217 180 1251 215 S.
1284 182 1562 218 MALACHIAE.

2118 188 2127 222 1
2147 186 2216 223 '190

1150 255 1195 273 ⁰⁷¹
1219 256 1305 292 lacti
1331 265 1419 293 sunt
1441 258 1478 293 in
1503 257 1799 305 desolationem,
1826 260 1950 297 subito
1976 261 2217 310 defecerunt,

473 317 652 357 CAPUT
680 317 797 357 XIII.

340 430 427 459 Deus
441 427 607 460 Malachiae
629 426 819 458 detractores
838 428 939 469 punit.

192 554 254 592 28.
278 558 354 592 Nec
374 555 491 592 modo
510 555 791 600 malefactores,
813 553 878 590 sed
899 562 937 590 et
957 553 1140 592 detracto-

137 627 197 651 res
229 615 422 652 Malachiae
461 615 649 665 corripuit
678 618 793 651 Deus.
822 613 1006 662 Quidam,
1042 614 1150 652 verbi

135 675 275 723 gratia,
295 675 452 724 gratiam
474 673 617 711 habens
635 673 856 724 principum
874 681 911 709 ct
926 681 1127 723 potentum
1139 703 1148 720 ‚

135 735 248 771 etiam
274 735 394 785 ipsius
411 735 524 785 Regis
538 764 548 781 ,
571 733 675 784 quod
693 741 792 770 esset
814 733 991 770 adulator
1007 742 1043 770 et
1060 747 1148 783 gar-

134 795 242 832 rulus
259 823 269 841 ,
300 804 338 833 et
357 804 497 846 potens
517 796 556 832 10
575 796 728 845 lingua3
759 793 909 832 favebat
929 807 998 844 per
1018 785 1147 832 omnia

133 854 362 894 adversariis
404 857 620 903 Malachiae,
654 864 691 892 et
722 856 936 906 procaciter
968 854 1147 892 tuebatur

132 923 281 966 partem
306 930 442 954 eorum
475 933 483 955 :
514 921 652 956 Sancto
674 930 768 953 vero
796 924 834 954 et
852 916 1032 966 praesenti
1053 916 1147 953 resi-

133 975 258 1014 stebat
276 977 315 1014 in
338 977 453 1024 facie,
474 986 513 1015 et
538 975 764 1015 detrahebat
794 975 967 1022 absenti,
999 976 1146 1013 irreve-

132 1045 264 1074 renter
279 1051 487 1075 occurrens
511 1039 546 1076 ei
572 1039 612 1075 in
636 1038 742 1074 omni
768 1037 875 1084 loco,
902 1037 1144 1087 maximeque
1166 1035 1194 1069 B

131 1096 199 1134 ubi
221 1098 495 1136 celebrioribus
514 1099 621 1136 illum
642 1099 756 1136 sciret
771 1099 955 1135 interesse
975 1111 1145 1135 conven—

132 1158 246 1196 tibus.
276 1159 350 1197 Sed
369 1160 446 1197 cito
472 1159 586 1210 digna
605 1160 744 1209 linguae
767 1159 941 1209 procacis
968 1158 1144 1195 mercede

131 1218 297 1256 donatus
329 1228 398 1257 est.
436 1220 626 1257 Intumuit
663 1227 701 1256 et
740 1219 978 1269 computruit
1016 1219 1145 1269 lingua

130 1279 316 1316 maledica
329 1308 340 1326 ,
368 1278 564 1317 vermibus
583 1293 631 1316 ex
650 1292 695 1316 ea
725 1278 958 1316 scatentibus
973 1309 982 1325 ,
1007 1287 1045 1316 et
1067 1280 1143 1316 dif-

130 1339 340 1377 fluentibus
354 1348 436 1377 toto
451 1353 518 1377 ore
533 1339 758 1390 blasphemo
777 1354 784 1375 :
804 1353 902 1389 quos
915 1352 986 1389 per
998 1348 1144 1390 septem

131 1399 250 1437 ferme
282 1400 362 1437 dies
393 1401 629 1438 incessanter
655 1414 837 1447 vomens,
871 1400 1024 1437 tandem
1057 1415 1143 1438 cum

130 1459 204 1496 illis
226 1461 403 1498 miseram
423 1462 577 1512 exspuit
596 1461 775 1498 animam.

185 1522 248 1558 29.
269 1525 472 1571 Loquente
502 1535 628 1559 coram
651 1520 858 1572 aliquando
887 1521 1088 1568 Malachia,
1106 1531 1144 1559 et

127 1582 316 1631 populum
346 1582 574 1619 exhortante
592 1611 602 1628 ,
635 1583 774 1619 mulier
805 1581 978 1632 quaedam
1011 1582 1144 1620 infelix

129 1653 220 1678 ausa
252 1649 309 1679 est
345 1642 629 1693 interrumpere
660 1655 878 1679 sermonem
912 1641 1144 1679 clamoribus

126 1701 337 1752 improbis,
366 1717 446 1740 non
478 1703 652 1741 deferens
681 1703 894 1750 sacerdoti,
923 1711 961 1740 et
992 1703 1143 1754 spiritui

127 1763 193 1812 qui
210 1762 452 1813 loquebatur.
474 1768 566 1802 Erat
585 1773 712 1801 autem
731 1763 777 1800 de
793 1764 979 1814 progenie
997 1764 1116 1814 impia
1131 1793 1141 1810 ,

1163 316 1191 349 A
1213 315 1411 364 perierunt
1445 325 1605 366 propter
1634 318 1867 367 iniquitatem
1903 324 2029 357 suam!
2065 322 2218 358 Grande

1212 375 1402 425 liodicque
1425 377 1647 413 miraculum
1669 378 1753 414 facit
1777 387 1849 415 tam
1871 381 1981 416 velox
2010 382 2216 429 generatio-

1214 435 1273 470 nis
1291 435 1390 472 illius
1416 435 1554 471 deletio
1569 464 1578 480 ,
1600 436 1657 472 his
1677 439 1884 485 praesertim
1907 440 1971 488 qui
1993 454 2123 476 corum
2147 454 2217 476 no-

1214 505 1349 531 verant
1373 495 1589 545 superbiam
1616 505 1727 545 atquc
1751 499 1970 546 potentiam.
1990 501 2104 536 Multa
2126 501 2213 549 qui-

1218 554 1303 591 dem
1323 564 1359 592 et
1377 556 1448 592 alia
1465 556 1569 604 signa
1588 556 1705 600 fuere,
1727 556 1864 605 quibus
1879 561 1979 594 Deus
1994 560 2214 606 glorificavit

1217 627 1357 651 nomen
1379 629 1509 661 suum,
1531 623 1568 652 et
1587 628 1736 652 servum
1759 629 1868 653 suum
1888 617 1985 653 inter
2005 618 2159 654 sudores
2176 627 2212 654 ct

1216 674 1384 723 pericula
1405 676 1644 712 confortavit.
1666 677 1757 723 Quis
1786 676 1896 726 (ligne
1919 680 2217 713 commemoret?

1215 738 1299 771 Non
1320 743 1444 771 tamen
1467 736 1593 771 omnia
1610 737 1865 785 praeterimus,
1887 737 1954 773 etsi
1979 749 2054 772 non
2077 737 2217 772 suflici-

1215 807 1297 831 mus
1317 795 1364 831 ad
1385 795 1524 831 omnia.
1548 799 1710 845 Propter
1730 797 1863 833 seriem
1884 804 2008 833 autem
2031 796 2216 832 narratio-

1212 854 1269 891 nis
1285 883 1294 900 ,
1318 868 1365 891 ne
1391 855 1633 905 impediatur,
1657 857 1782 907 aliqua
1802 870 1884 907 quae
1910 857 2046 894 dicturi
2066 868 2214 898 sumus,

1214 928 1449 952 reservamus
1468 917 1505 953 in
1527 917 1651 954 finem.

1552 1023 1726 1083 c'APcT
1755 1045 1868 1084 xiv.

1304 1158 1415 1190 sedem
1431 1159 1702 1202 metropolitanam
1720 1160 1788 1202 paci
1806 1160 1956 1192 redditam
1973 1159 2116 1201 resignat.

1266 1279 1327 1317 31.
1348 1280 1466 1330 Igitur
1494 1279 1694 1317 Malachias
1716 1281 1814 1317 intra
1840 1279 2043 1317 triennium
2066 1276 2211 1314 reddita

1211 1341 1463 1379 retributione
1485 1340 1658 1391 superbis
1674 1369 1683 1385 ,
1708 1350 1743 1377 et
1764 1340 1937 1377 libertate
1958 1339 2131 1376 Ecclesiae
2150 1350 2211 1373 rc-

1211 1403 1364 1449 stituta,
1394 1403 1503 1452 pulsa
1535 1400 1729 1448 barbarie,
1759 1410 1795 1438 et
1827 1401 2038 1438 reformatis
2067 1398 2209 1447 ubique

1210 1462 1380 1500 moribus
1401 1462 1611 1499 christianae.
1632 1462 1843 1511 religionis,
1870 1461 2004 1497 videns
2023 1458 2149 1496 omnia
2171 1457 2210 1493 in

1209 1537 1303 1574 pace
1333 1536 1437 1569 esse,
1474 1522 1589 1572 coepit
1621 1522 1785 1572 cogitare
1817 1530 1854 1558 et
1877 1521 1922 1558 de
1944 1534 2010 1558 sua
2032 1532 2135 1570 pace.
2161 1520 2207 1554 Et

1211 1598 1357 1621 memor
1388 1584 1577 1634 propositi
1603 1583 1686 1628 sui,
1718 1583 1912 1619 constituit
1938 1595 2007 1631 pro
2036 1594 2073 1616 se
2094 1578 2208 1617 Gela-

1210 1645 1324 1691 sium,
1357 1646 1479 1681 virum
1510 1644 1675 1689 bonum,
1704 1651 1739 1679 et
1766 1643 1919 1692 dignum
1950 1641 2013 1678 tali
2041 1640 2207 1683 honore,

1210 1704 1501 1741 conniventibus
1521 1705 1622 1741 clero
1638 1711 1675 1740 et
1692 1704 1835 1753 populo
1851 1732 1859 1748 ,
1877 1702 1967 1752 quin
1988 1701 2114 1751 potius
2135 1712 2213 1735 sus—

1210 1764 1420 1802 tinentibus
1455 1772 1614 1815 propter
1651 1772 1814 1813 pactum.
1845 1767 1937 1800 Nam
1964 1762 2052 1798 alias
2073 1759 2209 1796 durum

126 1831 165 1859 et
207 1823 384 1873 spiritum
418 1823 563 1861 habens
601 1825 639 1861 in
676 1823 832 1861 naribus
848 1853 857 1870 ‚
892 1823 1146 1874 blasphemias
1166 1822 1193 1858 C
1209 1825 1332 1861 visum
1357 1825 1527 1861 omnino.
1557 1828 1641 1872 Quo
1664 1831 1902 1869 consecrato,
1926 1820 2150 1871 regibusque
2170 1830 2212 1854 ac

126 1884 455 1934 contumeliasque
483 1883 686 1921 evomebat
714 1884 754 1920 in
782 1887 962 1921 Sanctum
982 1914 992 1931 ,
1014 1883 1144 1921 dicens

124 1944 366 1995 hypocritam
400 1954 438 1982 et
473 1946 689 1983 invasorem
724 1945 856 1982 alienae
889 1945 1143 1991 haereditatis,

125 2005 191 2043 sed
219 2014 256 2043 et
282 2006 446 2043 calvitiei
474 2006 576 2043 illius
603 2006 883 2056 improperans.
905 2010 955 2043 At
971 2006 1034 2042 ille
1051 2005 1145 2042 nihil

124 2066 325 2117 respondit
350 2066 410 2112 ei,
447 2066 543 2104 sicut
569 2075 650 2103 erat
672 2066 913 2103 verecundus
946 2073 983 2102 et
1011 2065 1112 2102 mitis
1135 2087 1143 2109 :

124 2127 192 2164 sed
219 2128 410 2165 Dominus
439 2127 639 2177 respondit
667 2140 739 2177 pro
772 2140 831 2164 eo,
864 2130 979 2163 Versa
1010 2126 1075 2162 illa
1105 2126 1143 2162 in

121 2187 307 2225 insaniam
328 2196 405 2235 est,
422 2188 592 2225 Domino
608 2187 803 2237 judicante
825 2202 832 2224 :
855 2196 891 2224 et
912 2187 1055 2224 crebris
1074 2200 1141 2223 vo-

122 2248 230 2286 cibus
251 2249 448 2286 clamitans
468 2262 507 2286 se
528 2249 707 2286 suffocari
731 2261 753 2285 a
773 2248 958 2285 Malachia
973 2277 982 2293 ,
1014 2256 1138 2284 morte

123 2309 278 2347 demum
319 2309 515 2347 horrenda
544 2310 616 2346 luit
643 2317 843 2359 peccatum
874 2308 1134 2359 blasphemiae.

121 2371 182 2409 Sic
213 2370 351 2408 misera
385 2383 582 2407 assumens
611 2367 1042 2407 adversus'Malachiam
1063 2369 1137 2406 im·-

119 2431 345 2481 properium
364 2431 489 2468 Elisaei
507 2437 536 2478 1,
557 2444 647 2468 vere
666 2431 772 2468 illum
794 2429 866 2467 sibi
887 2431 1047 2467 alterum
1068 2444 1135 2467 ex-

120 2499 229 2541 perta
254 2499 312 2528 est
330 2491 519 2528 Elisaeum.

174 2552 238 2589 30.
259 2555 380 2589 Porro
410 2552 499 2601 quia
529 2565 642 2589 causa
674 2551 900 2602 pestilentiae
933 2550 1131 2601 cujusdam

1211 1884 1449 1935 principibus
1471 1885 1650 1922 attentius
1670 1883 1933 1922 commendato
1952 1911 1960 1928 ,
1992 1882 2071 1931 ipse
2092 1879 2212 1915 clarus

1213 1946 1406 1983 miraculis
1419 1954 1455 1982 et
1472 1946 1674 1996 triumphis
1687 1976 1695 1992 ,
1715 1945 1760 1982 ad
1776 1957 1879 1981 suam
1897 1941 2113 1993 parochiam
2129 1937 2215 1975 red-

1212 2006 1242 2043 it
1263 2022 1270 2043 :
1291 2020 1368 2043 non
1394 2015 1519 2043 tamen
1552 2005 1779 2043 Connereth.
1806 2008 1853 2041 Et
1880 2002 1967 2040 audi
1989 2012 2136 2038 causam
2160 1996 2216 2033 di—

1211 2080 1322 2116 gnam
1349 2068 1482 2104 relatu.
1504 2067 1681 2104 Dioecesis
1708 2066 1770 2102 illa
1790 2064 1882 2101 duas
1903 2064 2020 2099 fertur
2039 2058 2213 2096 habuisse

1210 2128 1420 2178 antiquitus
1447 2128 1680 2178 episcopales
1705 2126 1832 2171 sedes,
1857 2133 1894 2161 et
1916 2123 2009 2159 duos
2030 2119 2214 2157 exstitisse

1210 2189 1468 2239 episcopatus.
1490 2188 1531 2225 Id
1551 2189 1672 2224 visum
1693 2186 1826 2223 melius
1852 2181 2053 2221 Malacliiae.
2080 2182 2211 2226 Itaque

1205 2262 1302 2298 quos
1316 2248 1472 2285 ambitio
1487 2249 1665 2285 conflavit
1680 2248 1717 2284 in
1732 2258 1869 2290 unum,
1885 2240 2084 2280 Malachias
2101 2250 2209 2274 revo-

1204 2309 1303 2346 cavit
1327 2310 1366 2346 in
1393 2309 1507 2355 duos,
1533 2317 1678 2359 partem
1704 2307 1810 2344 alteri
1837 2304 2016 2355 episcopo
2043 2298 2203 2362 cedens,

1203 2377 1350 2419 partem
1379 2370 1545 2406 retinens
1574 2368 1656 2405 sibi.
1684 2372 1729 2405 Et
1758 2373 1960 2417 propterea
1990 2372 2067 2397 non
2100 2364 2202 2393 vemt

1204 2429 1439 2475 Connereth,
1458 2429 1561 2479 quod
1579 2429 1615 2465 in
1633 2442 1674 2465 ea
1687 2427 1763 2477 jam
1781 2426 1999 2476 episcopum
2023 2418 2197 2456 ordinas-

1201 2499 1257 2526 set
1274 2505 1281 2527 :
1297 2490 1362 2526 sed
1378 2494 1530 2527 Dunum
1555 2503 1593 2525 se
1610 2488 1786 2532 contulit,
1802 2482 2064 2522 disterminans
2079 2490 2195 2528 paro-

1200 2550 1323 2596 chias,
1346 2551 1441 2587 sicut
1462 2551 1499 2586 in
1519 2549 1651 2585 diebus
1671 2547 1843 2597 antiquis.
1864 2548 1894 2582 O
1912 2554 2049 2593 purum
2071 2539 2152 2575 cor!
2170 2550 2193 2572 0

120 2620 214 2649 ortae
236 2611 277 2648 in
297 2611 450 2648 civitate
465 2640 475 2658 ,
508 2611 796 2648 multitudinem
823 2611 914 2648 cleri
938 2619 975 2648 et
994 2611 1131 2661 populi
1147 2613 1180 2646 D
1197 2612 1349 2648 oculum
1367 2609 1646 2648 columbinum!
1668 2612 1808 2646 Locum
1827 2603 1977 2641 tradidit
1992 2612 2093 2637 novo
2106 2611 2188 2646 epi-

119 2672 342 2710 solemniter
360 2685 447 2709 cum
472 2671 663 2722 reliquiis³
687 2673 937 2709 sanctorum*
959 2680 1050 2708 tunc
1070 2672 1128 2708 fo-

118 2746 180 2770 ras
207 2733 414 2780 eduxerat,
435 2745 483 2770 ne
510 2732 583 2769 hoc
605 2732 760 2782 quidem
790 2732 1124 2783 praetereundum,

119 2794 225 2845 quod
242 2803 377 2831 orante
390 2794 588 2841 Malachia,
600 2794 815 2844 pestilentia
828 2794 930 2830 illico
948 2793 1128 2844 conquie-

118 2855 187 2892 vit.
209 2858 265 2892 Ex
299 2855 373 2892 hoc
394 2853 473 2904 jam
493 2884 502 2901 ,
530 2854 596 2904 qui
624 2854 782 2891 mutiret
808 2854 989 2891 adversus
1015 2867 1123 2899 eum,

118 2927 197 2952 non
228 2914 326 2960 fuit,
358 2913 574 2951 dicentibus
603 2914 669 2964 qui
701 2914 748 2951 de
778 2915 922 2951 semine
950 2913 1126 2952 Chanaan

115 2983 204 3013 sunt
223 2990 232 3012 ε
253 2975 456 3025 Fugiamus
469 2975 693 3012 Malachiam
705 3004 714 3022 ,
737 2975 826 3025 quia
843 2974 1033 3012 Dominus
1052 2987 1126 3023 pu-

115 3044 205 3086 gnat
221 3049 292 3086 pro
311 3049 370 3072 eo.
395 3040 446 3073 At
465 3049 550 3073 sero
567 3035 669 3073 istud
688 3051 696 3072 :
715 3037 805 3086 quia
821 3036 925 3073 zelus
944 3036 1099 3073 Domini
1115 3064 1125 3081 ,

114 3094 258 3145 ubique
280 3108 486 3133 occurrens
509 3095 581 3149 eis,
606 3104 830 3146 persecutus
851 3104 908 3133 est
925 3109 990 3133 eos
1006 3108 1126 3145 usque

116 3154 162 3191 ad
186 3154 502 3192 internecionem.
523 3155 730 3204 Quomodo
759 3155 860 3192 intra
880 3168 1024 3206 paucos
1046 3154 1126 3191 dies

115 3214 229 3265 periit
256 3216 442 3253 memoria
469 3229 605 3253 eorum
632 3230 716 3253 cum
750 3217 900 3253 sonitu!
930 3215 1126 3267 quomodo

166 3348 174 3363 ¹
190 3344 236 3372 lv
252 3344 327 3383 Reg.
349 3353 374 3372 11
388 3366 395 3379 ,
416 3344 470 3373 24.
488 3361 532 3365 ——
548 3349 560 3364 ²
578 3346 676 3374 Amos
690 3355 721 3381 1,
749 3346 798 3373 13.

1194 2685 1312 2722 500110
1330 2701 1338 2717 ,
1360 2672 1425 2721 qui
1444 2671 1638 2707 videretur
1657 2668 1837 2718 paratior,
1857 2660 2105 2724 principalior
2120 2657 2190 2693 ha-

1194 2730 1366 2776 beretur3
1391 2731 1536 2774 locum,
1561 2730 1597 2764 in
1619 2741 1694 2777 quo
1712 2726 1859 2763 sederat
1879 2719 2061 2772 ipse.[b1
2083 2723 2191 2760 sunt,

1194 2792 1259 2842 qui
1277 2791 1322 2828 de
1342 2791 1509 2827 terminis
1526 2790 1684 2838 litigant,
1699 2800 1769 2838 pro
1784 2798 1861 2822 uno
1876 2782 2001 2819 viculo
2015 2784 2191 2844 perpetes

1193 2852 1239 2889 ad
1277 2852 1437 2888 invicem
1469 2849 1681 2886 inimicitias
1715 2844 1956 2883 exercentes?
1987 2844 2121 2878 Neseio
2162 2848 2191 2902 si

1192 2913 1294 2963 quod
1317 2925 1434 2962 genus
1454 2911 1650 2947 hominum
1671 2908 1808 2957 magis,
1828 2918 1940 2956 quam
1962 2904 2053 2939 istos
2067 2928 2076 2945 ,
2096 2905 2192 2934 anti-

1192 2986 1308 3023 quum
1327 2971 1546 3009 vaticinium
1566 2977 1695 3019 tangat
1715 2983 1722 3004 :
1742 2969 1938 3004 secueram
1947 2966 2190 3012 proegmmtes

1194 3035 1345 3069 Galaml
1374 3034 1428 3067 cul
1465 3032 1701 3066 dilatandum
1739 3029 1910 3064 terminos
1948 3037 2030 3061 suos
2046 3028 2071 3057 ².
2117 3015 2188 3056 Sed

1190 3094 1263 3130 hoc
1282 3092 1382 3128 alias.

1245 3153 1306 3190 32.
1350 3151 1551 3188 Malachias
1589 3150 1707 3186 factus
1749 3145 1936 3184 Dunensis
1971 3141 2191 3191 episcopus,

1192 3212 1389 3250 confestim
1415 3225 1521 3248 more
1548 3224 1616 3248 suo
1639 3208 1785 3247 curavit
1815 3205 1992 3242 asciscere
2019 3198 2066 3236 ad
2091 3196 2191 3233 sola-

1227 3344 1240 3356 a
1255 3339 1340 3370 Alius
1351 3363 1357 3374 ‚
1375 3338 1530 3368 memoria.
