2533 3920
360 192 435 229 479

1149 193 1183 226 S.
1215 190 1467 226 BERNARDI
1497 191 1699 226 ABBATIS

2370 193 2447 234 480
2492 183 2494 224 ί

366 277 544 309 cumcisio
572 271 720 319 aliquid
748 271 864 314 valet,
890 280 1010 317 neque
1033 270 1286 316 proeputium,
1312 264 1433 301 secl‘22'
1450 266 1563 314 Quod
1583 279 1673 303 vero
1690 266 1900 302 monachus
1917 265 2051 312 fuerit,
2065 267 2336 305 monasterium
2351 271 2451 321 quod

366 348 459 371 nova
483 337 698 376 creatura¹3
723 338 759 365 et
779 329 853 366 alio
874 329 981 374 loco,
1013 327 1082 363 sbi
1106 341 1179 362 mm
1204 335 1257 362 est
1278 328 1378 361 Gen·
1397 334 1426 368 Α
1447 340 1525 363 ηοη
1547 328 1660 377 longe
1681 326 1729 364 ab
1750 326 1896 377 oppido
1918 328 2165 373 Pictaviensi,
2182 331 2450 370 monasterium

365 399 442 431 tilis
460 403 495 430 et
511 395 667 429 Judoeas
678 420 688 435 ,
707 394 938 426 circumcisio
956 398 990 424 et
1001 393 1239 437 proeputium
1252 414 1263 431 ,
1282 389 1381 422 Bar-

367 455 479 492 barus
500 463 536 490 et
557 453 692 500 Scytha
707 481 718 497 ‚
739 464 860 486 servus
880 458 914 485 ct
934 448 1041 493 liber,
1063 450 1132 483 sed
1149 450 1273 482 omnia
1288 455 1324 481 et
1340 447 1377 480 in

367 514 536 551 omnibus
555 514 736 550 Clu-istus2
756 525 763 547 ε
786 510 870 560 quis
887 509 1044 560 puerilis
1067 508 1214 545 animus
1232 507 1269 544 in
1291 514 1376 542 tan-

367 584 448 613 tum
469 574 642 624 desipere
666 571 814 622 potuit,
839 579 880 607 ut
907 571 963 607 vel
992 570 1184 606 variarum
1213 567 1376 604 vestium

367 636 556 681 colorem,
572 634 630 669 rel
653 632 845 669 diversum
867 630 1187 667 consuetudinum
1210 640 1376 672 morem,

369 704 518 733 servata
537 707 638 730 nova
660 701 834 729 creatura
851 691 887 727 in
909 690 1056 727 Christo
1075 688 1240 738 aliquid,
1262 699 1381 737 quan-

368 762 449 791 tum
466 752 512 790 ad
531 753 708 797 salutem,
727 750 880 786 differre
897 750 1074 799 putaret?
1088 747 1200 796 Quod
1218 748 1247 783 si
1263 759 1383 796 quan-

368 823 447 851 tum
474 813 697 850 adsalutem
727 811 779 847 nil
799 811 937 855 resert,
969 823 1036 845 cur
1064 808 1191 844 varius
1212 806 1376 844 vestium

366 875 474 912 color
499 872 707 910 monachos
727 871 901 920 separat?
919 883 987 905 cur
1009 869 1169 906 schisma
1199 868 1376 917 generat?

366 949 435 972 cur
455 935 603 971 animos
626 931 788 968 dividit?
810 944 877 966 cur
899 930 1119 966 charitatem
1143 928 1271 965 laedit?
1292 931 1377 964 Non

366 1004 440 1040 est,
463 1007 541 1030 non
571 1001 627 1028 est
655 1004 767 1028 causa
788 990 933 1039 aliqua,
957 1002 1035 1025 non
1056 989 1153 1025 ratio
1180 989 1277 1034 ulla,
1300 999 1379 1024 non

1447 387 1551 436 quod
1572 388 1802 434 Mediolani,
1820 388 2095 424 monasterium
2120 388 2225 437 quod
2249 388 2319 426 sibi
2334 393 2452 429 Turo-

1448 447 1506 483 nis
1527 447 1760 493 construxit,
1781 454 1981 484 testantur.
2004 450 2101 484 Ecce
2123 448 2332 486 monachus
2351 453 2451 488 Mar·
2490 479 2491 482 ,

1445 508 1564 554 tinus,
1589 522 1677 545 ecce
1705 508 1821 558 nigris
1847 507 2016 545 vestibus
2037 517 2234 546 contectus
2257 511 2450 551 Martinus.

1444 568 1517 605 Sed
1537 569 1628 618 quid
1657 578 1695 606 et
1715 569 1762 606 de
1786 569 1845 605 his
1870 569 2132 618 Hieronymus
2155 569 2195 605 in
2222 570 2382 620 epistola
2406 560 2451 613 ad

1443 629 1699 678 Nepotianum
1724 629 1837 666 missa
1852 628 2008 666 scribit?
2027 645 2041 660 «
2059 633 2210 676 Vestes,
2225 646 2241 662 »
2255 630 2327 677 ait,
2340 647 2355 663 «ι
2373 631 2454 681 pul-

1448 707 1462 721 »
1483 690 1536 725 las
1568 703 1675 739 aeque
1706 699 1747 727 ut
1777 690 1958 727 candidas
1982 689 2154 727 devita.»
2176 693 2339 728 Monens
2367 705 2451 732 eum

1449 750 1591 787 scilicet
1621 760 1662 787 ut
1691 751 1827 788 fastum
1855 752 1913 788 vel
1942 751 2163 801 jactantiam
2187 760 2356 798 caveret,
2379 766 2450 792 non

1445 811 1567 846 solum
1596 811 1633 847 iu
1657 811 1826 848 candidis
1846 811 2034 858 vestibus,
2062 810 2202 861 quibus
2225 819 2316 848 tunc
2335 813 2450 863 magis

1445 871 1643 908 saeculares
1669 871 1898 918 utebantur,
1920 872 1984 909 sed
2013 872 2125 908 etiam
2147 872 2185 908 in
2207 872 2345 922 pullis,
2367 868 2452 923 qui-
2486 888 2488 919 3·

1445 929 1517 966 bus
1545 931 1645 968 illius
1678 933 1860 982 temporis
1898 933 2094 981 religionis
2128 932 2363 982 professores
2398 935 2452 973 uti

1447 1000 1738 1028 consueverant.
1764 996 1820 1029 De
1844 992 1902 1028 his
1922 992 2170 1029 admirandus
2198 992 2262 1029 ille
2288 993 2452 1033 Nolanus

365 1055 450 1091 dis-0
483 1051 702 1097 audiendi„
725 1064 802 1087 non
838 1050 924 1086 dico
956 1048 1174 1094 dividendi,
1211 1047 1277 1084 sed
1309 1060 1380 1083 nee
1398 1053 1426 1087 Β
1447 1050 1651 1101 epIscopus
1670 1052 1874 1098 Paulinus,
1889 1051 1969 1101 jam
1991 1052 2083 1090 dicti
2099 1053 2277 1098 Martini,
2294 1053 2453 1092 Ambro—
2483 1061 2486 1095 ζ

364 1113 596 1165 grunniendi
621 1113 659 1149 in
687 1112 780 1148 istis.
806 1109 932 1147 Habes
966 1117 1006 1146 tu
1031 1108 1212 1145 idoneum
1242 1108 1377 1145 defen-

364 1188 489 1213 sorem
506 1173 692 1211 albedinis
713 1181 806 1217 tuae,
831 1168 1044 1220 simplicem
1058 1198 1067 1215 ,
1085 1177 1128 1205 ut
1144 1182 1258 1218 supra
1276 1167 1375 1212 dixi,

364 1238 518 1274 oculum
551 1233 795 1272 conscientiae
817 1241 889 1268 tuae
907 1246 915 1268 :
933 1244 1030 1281 quo,
1053 1244 1101 1267 ne
1132 1230 1250 1279 longo
1281 1237 1379 1266 tem-

369 1297 475 1348 poris
494 1309 567 1333 usu
588 1295 695 1344 niger
721 1293 922 1338 inductus,
948 1298 1102 1341 putaret
1128 1289 1282 1327 nonnisi
1304 1287 1376 1326 sub

364 1367 448 1395 atro
475 1357 605 1395 colore
629 1368 698 1392 suo
728 1353 958 1391 monachum
989 1365 1069 1389 esse
1095 1364 1229 1402 posse,
1250 1350 1375 1388 albam

363 1419 551 1456 cucullam
580 1425 617 1453 et
646 1415 813 1452 tunicam
841 1413 1019 1459 induisti3
1041 1421 1078 1449 et
1101 1413 1188 1462 quia
1214 1411 1284 1449 sub
1317 1411 1376 1448 ni—

364 1492 519 1529 grorum
555 1476 687 1514 habitu
728 1473 1028 1512 innumerabiles
1066 1472 1181 1522 hujus
1222 1472 1375 1511 Ordinis

370 1539 576 1589 tepefactos
601 1551 619 1573 a
651 1536 852 1587 proposito
879 1534 1084 1581 cernebas,
1113 1534 1160 1571 ad
1187 1532 1373 1583 majorem

365 1609 403 1637 et
425 1613 569 1637 novum
595 1598 814 1635 monasticae
847 1597 1040 1647 religionis
1073 1597 1264 1633 servorem
1300 1596 1373 1633 hoc

363 1661 549 1698 hactenus
585 1659 766 1697 inusitato
800 1658 965 1695 vestium
1007 1657 1172 1694 candore
1214 1657 1379 1694 excitare

363 1730 443 1759 arte
469 1720 650 1758 laudabili
680 1719 847 1755 voluisti.
876 1717 1002 1756 Habes
1029 1726 1065 1755 et
1093 1726 1133 1754 tu
1158 1730 1236 1754 non
1267 1717 1380 1753 dissi-

366 1783 506 1819 militer
540 1780 780 1832 probabilem
818 1788 1015 1816 auctorem
1045 1778 1254 1829 nigredinis
1278 1787 1376 1823 tuae,

1445 1111 1511 1157 sii,
1534 1113 1758 1162 Augustini,
1788 1113 2016 1163 Hieronymi
2042 1122 2389 1164 contemporaneus
2411 1128 2454 1154 ac

1445 1172 1662 1220 familiaris,
1689 1173 1897 1223 multisque
1928 1187 2029 1224 saepe
2061 1173 2109 1210 ab
2137 1174 2252 1224 ipsis,
2279 1173 2345 1211 sed
2373 1183 2410 1212 et
2432 1187 2453 1213 a
2482 1181 2484 1218 J

1448 1245 1587 1283 magno
1602 1247 1703 1284 papa
1722 1233 1910 1284 Gregorio
1924 1233 2102 1271 laudibus
2122 1233 2370 1285 praedicatus,
2385 1235 2454 1273 iter

1445 1293 1645 1343 eujusdam
1665 1294 1932 1341 nobilissimae,
1949 1294 2015 1332 sed
2036 1294 2084 1332 ad
2105 1294 2301 1344 religionis
2322 1307 2454 1333 mona·
2500 1317 2501 1324 κ

1444 1355 1546 1392 sticae
1572 1355 1817 1406 propositum
1838 1368 1963 1406 nuper
1988 1368 2185 1392 conversae
2211 1354 2361 1392 feminae
2389 1353 2454 1393 de-

1444 1415 1614 1453 scribens
1627 1446 1637 1463 ,
1658 1416 1710 1453 sic
1726 1416 1764 1452 in
1785 1416 1947 1466 epistola
1967 1415 2136 1465 Sulpicio
2154 1418 2295 1453 Severo
2316 1414 2452 1454 directa

1443 1476 1616 1526 loquitur
1631 1492 1638 1514 :
1653 1495 1667 1510 «
1690 1476 1864 1514 Vidimus
1880 1476 2039 1526 gloriam
2061 1475 2219 1513 Domini
2234 1476 2274 1512 in
2295 1475 2361 1513 illo
2381 1489 2454 1518 map
2499 1499 2502 1509 ι

1442 1554 1457 1570 υ
1476 1538 1542 1574 tris
1556 1546 1592 1574 et
1609 1537 1776 1574 filiorum
1794 1536 1931 1574 itinere
1945 1566 1954 1583 ,
1971 1549 2050 1573 uno
2068 1535 2223 1586 quidem
2238 1564 2248 1582 ‚
2265 1535 2331 1573 sed
2346 1536 2454 1586 longe
2496 1564 2497 1568 ,

1442 1598 1619 1648 »dispari
1652 1599 1770 1635 cultu.
1807 1602 1938 1635 Macro
1971 1598 2074 1634 illam
2104 1605 2142 1634 et
2169 1596 2306 1633 viliore
2339 1596 2456 1635 asellis
2476 1618 2502 1632 ,ι

1446 1675 1461 1691 1>
1484 1657 1621 1696 burico
1651 1659 1846 1696 sedentem
1863 1687 1872 1705 ,
1897 1667 1977 1695 tota
2002 1656 2117 1707 hujus
2143 1656 2271 1694 saeculi
2299 1669 2479 1707 pompa„

1447 1737 1461 1752 »
1483 1733 1558 1769 qua
1583 1720 1763 1757 honorati
1792 1728 1829 1764 et
1861 1719 2036 1769 opulenti
2067 1725 2267 1768 poterant,
2297 1717 2456 1754 circum-
2476 1732 2496 1752 π

1447 1798 1462 1814 »
1483 1780 1550 1817 ssui
1578 1789 1774 1817 senatores
1801 1779 2139 1831 prosequebantur
2161 1793 2169 1815 ι
2193 1777 2361 1815 carrucis
2388 1780 2482 1830 nu—'es

362 1843 626 1891 longissimum
648 1855 668 1877 a
690 1839 863 1890 patribus
885 1840 1065 1877 traditum
1089 1838 1378 1876 consuetudinis
1400 1845 1426 1881 C
1447 1860 1461 1874 υ
1486 1841 1676 1888 tantibus,
1695 1841 1901 1891 phaleratis
1923 1840 2050 1890 equis,
2068 1838 2209 1876 auratis
2228 1833 2404 1889 pilentis,
2419 1845 2455 1876 et

367 1915 514 1939 morem
541 1915 645 1951 :quo
675 1901 792 1938 tutior
815 1900 885 1937 tibi
916 1900 1056 1937 videris
1093 1899 1290 1950 sequendo·
1315 1912 1380 1936 ve—

363 1971 462 2009 tera,
486 1975 599 2012 quam
624 1961 909 1999 adinveniendo
932 1975 1046 1998 nova.
1068 1959 1195 1998 Habes
1214 1968 1377 2010 uterque

362 2023 561 2073 utriusque
597 2023 737 2060 coloris
771 2022 825 2059 tui
851 2021 1191 2072 inexpugnabilem
1226 2034 1378 2070 propu-

362 2084 571 2134 gnatricem
602 2084 720 2134 ipsius
756 2083 970 2119 communis
1003 2082 1158 2132 Regulae
1187 2080 1376 2128 vocem3;

363 2159 449 2196 quae
472 2145 645 2196 praecipit
667 2152 710 2181 ut
737 2143 784 2180 de
806 2143 969 2180 vestium
993 2143 1122 2179 colore
1151 2150 1216 2178 aut
1235 2142 1377 2191 grossi—

362 2206 494 2244 tudine
512 2220 591 2243 non
608 2213 814 2243 causentur
828 2204 1024 2250 monachi,
1038 2202 1103 2240 sed
1119 2203 1221 2239 illius
1239 2202 1378 2239 coloris

363 2276 428 2305 aut
450 2267 642 2317 qualitatis
669 2264 838 2302 vestibus
861 2272 1031 2310 utantur,
1054 2277 1138 2314 quae
1160 2264 1198 2299 in
1220 2264 1377 2313 provin-

362 2329 442 2374 cia,
481 2342 556 2379 qua
589 2327 782 2371 habitant,
815 2326 875 2362 vel
913 2325 1057 2361 facilius
1090 2324 1278 2371 inveniri,
1315 2325 1377 2360 vel

359 2389 484 2426 levius
501 2387 715 2438 comparari
735 2385 945 2436 potuerint.
967 2387 1130 2421 Tutatur
1154 2396 1244 2432 ergo
1270 2382 1377 2420 albe-

363 2449 490 2487 dinem
512 2457 616 2485 tuam
640 2447 737 2484 ratio
767 2445 1004 2496 supradicta,
1019 2444 1080 2481 vel
1107 2444 1266 2481 fortasse
1291 2457 1379 2481 ma-

357 2510 444 2561 jor,
470 2522 584 2559 quam
619 2507 791 2545 nondum
825 2506 941 2551 novi,
979 2506 1105 2555 aliqua
1137 2520 1145 2542 :
1181 2513 1310 2542 tuetur
1341 2513 1379 2542 et

362 2569 601 2620 nigredinem
619 2576 721 2604 tuam
742 2574 901 2616 paterna
921 2565 1147 2611 auctoritas,
1166 2577 1251 2614 quae
1273 2564 1378 2601 omni

1446 1919 1461 1935 »
1483 1901 1674 1952 carpentis
1702 1901 1877 1952 pluribus
1897 1909 2073 1951 gemente
2097 1899 2223 1950 Appia
2251 1907 2366 1950 atque
2386 1898 2455 1936 sul-⁶

1445 1980 1460 1996 »
1482 1972 1606 2013 gente.
1632 1962 1705 2001 Sed
1729 1961 2001 2012 splendoribus
2026 1963 2206 2000 vanitatis
2229 1959 2456 2012 praelucebfft

1447 2041 1462 2056 »
1486 2023 1703 2060 christianae
1736 2023 1962 2060 humilitatis
1995 2023 2128 2072 gratia.
2160 2021 2458 2060 Admirabantur'

1445 2102 1459 2118 ›>
1482 2084 1618 2121 divites
1653 2084 1879 2134 pauperiem
1915 2092 2108 2130 sanctam,
2140 2091 2180 2121 at
2209 2083 2297 2121 illos
2329 2077 2472 2120 nosm'

1447 2162 1462 2177 »
1482 2145 1686 2195 pauperies
1710 2143 1871 2181 ridebat.
1887 2144 2060 2182 Vidimus
2079 2144 2234 2194 dignam
2250 2147 2332 2182 Deo
2346 2141 2454 2193 hujus
2484 2139 2493 2177 ]

1446 2223 1459 2238 »
1480 2204 1615 2241 mundi
1654 2204 1942 2251 confusionem,
1980 2205 2240 2255 purpuream,
2279 2194 2493 2256 sericam-,gn

1446 2280 1462 2297 >2
1483 2273 1732 2315 auratamque
1761 2265 2061 2315 supellectilem,
2093 2264 2232 2316 pannis
2265 2262 2454 2302 veteribus
2467 2257 2478 2273 ζ’

1447 2344 1462 2359 »
1483 2334 1521 2362 et
1539 2326 1657 2375 nigris
1677 2326 1919 2363 servientem.
1941 2325 2214 2362 Benediximus
2232 2325 2454 2371 Dominum,
2487 2343 2489 2345 ·

1446 2404 1461 2419 n
1483 2386 1549 2436 qui
1578 2386 1742 2422 humiles
1771 2386 1941 2423 excelsos
1962 2386 2068 2432 facit,
2089 2385 2302 2423 esurientes
2326 2383 2454 2436 implet

1448 2464 1463 2479 »
1483 2445 1620 2492 bonis,
1641 2454 1678 2482 et
1701 2445 1837 2482 divites
1867 2445 2022 2483 dimittit
2046 2446 2192 2483 inanes.
2213 2463 2228 2479 »
2252 2448 2350 2483 Ecce
2379 2443 2452 2482 non

1447 2508 1570 2545 solum
1588 2506 1662 2542 viri
1680 2507 1848 2556 antiquae
1869 2507 2064 2556 religionis
2077 2536 2086 2554 ,
2107 2506 2173 2543 sed
2189 2506 2302 2543 etiam
2322 2503 2453 2543 mulin-

1448 2581 1527 2614 res,
1552 2566 1761 2604 sanctitatis
1791 2567 2034 2617 propositum
2066 2575 2324 2614 assumentes,
2345 2562 2487 2605 vesti-

365 2631 505 2668 rationi
527 2628 766 2680 aequipollet,
788 2636 825 2664 et
844 2639 960 2676 quam
985 2625 1205 2662 inferiorem
1224 2623 1376 2674 judica-
1393 2634 1426 2668 D
1441 2630 1515 2668 bus
1532 2627 1650 2677 nigris
1671 2639 1747 2663 usae
1769 2626 2002 2665 scribuntur.

364 2692 395 2729 ri
419 2691 466 2728 ab
486 2692 615 2740 aliquo
634 2701 767 2726 sanum
792 2688 962 2737 sapiente
982 2699 1060 2722 non
1081 2685 1201 2722 decet.

418 2750 480 2789 23.
500 2755 548 2788 Et
572 2749 682 2799 cujus
700 2748 823 2799 patris
849 2747 1070 2796 exemplum
1100 2745 1148 2782 ad
1176 2745 1249 2782 hoc
1279 2757 1376 2782 asse-

366 2812 528 2849 rendum
546 2812 682 2848 afferre
702 2810 864 2860 potero?
885 2812 932 2845 Et
952 2821 1066 2857 quem
1090 2805 1275 2855 majorem
1297 2819 1376 2842 ma-

365 2885 441 2921 gno
458 2871 625 2908 Martino
646 2869 815 2919 reperire
831 2867 968 2904 valebo
983 2868 997 2903 .³
1015 2867 1082 2904 Ille
1096 2896 1105 2913 ,
1121 2867 1276 2916 inquam
1291 2895 1300 2912 ,
1314 2866 1377 2903 ille

367 2946 525 2983 magnus
550 2931 738 2968 Martinus
766 2928 975 2966 monachus
1007 2936 1044 2964 et
1070 2927 1296 2977 episcopus,
1319 2927 1380 2964 ηἰ-ν

366 3007 519 3044 grarum
546 2992 714 3028 colorem
744 2990 905 3026 vestium
927 2988 1003 3025 suis
1031 2986 1200 3024 vestibus
1227 2987 1379 3025 dedica-

366 3055 446 3100 vit,
471 3054 517 3090 de
541 3066 615 3103 qua
633 3064 672 3088 re
695 3051 745 3087 sic
766 3051 803 3086 in
825 3049 907 3099 ejus
929 3049 1014 3085 Vita
1037 3049 1174 3098 legitur
1196 3063 1203 3084 z
1221 3066 1235 3080 α
1257 3053 1378 3097 Quem

370 3134 384 3148 »
406 3128 492 3151 cum
526 3114 636 3163 nigro
670 3125 712 3148 ac
738 3110 910 3161 pendulo
941 3109 1056 3160 pallio
1091 3109 1377 3147 circumtectum

369 3194 383 3208 υ
404 3175 583 3225 contigua
611 3173 657 3210 de
678 3173 794 3209 latere
811 3170 985 3220 jumenta
1013 3169 1217 3215 vidissent,
1240 3171 1378 3220 paulu-

369 3256 383 3269 »
405 3238 483 3273 lum
506 3237 542 3272 in
570 3243 714 3285 partem
738 3234 892 3270 alteram
914 3232 1109 3282 pavefacta
1131 3241 1338 3269 cesserunt.
1363 3250 1376 3264 n

1497 2689 1558 2726 24.
1588 2691 1683 2725 Nam
1711 2696 1751 2724 ut
1779 2688 1885 2737 quod
1912 2688 2039 2725 sentio
2071 2687 2204 2734 fatear,
2228 2687 2349 2724 visum
2378 2691 2464 2732 ests

1444 2759 1486 2787 ut
1516 2749 1607 2786 mihi
1633 2748 1800 2795 videtur,
1827 2749 1973 2798 magnis
2002 2748 2177 2799 patribus
2204 2748 2279 2786 illis
2309 2747 2452 2798 nigrum
2475 2774 2478 2779 .

1442 2811 1565 2856 hunc,
1590 2809 1636 2846 de
1669 2823 1747 2860 quo
1777 2810 1917 2860 agitur,
1953 2810 2122 2847 colorem
2155 2809 2276 2860 magis
2305 2805 2452 2846 humili-

1446 2872 1532 2917 tati,
1550 2870 1668 2919 magis
1687 2870 1943 2920 poenitentiae,
1962 2871 2080 2921 magis
2095 2870 2217 2907 luctui
2234 2867 2462 2907 conveniret·
2476 2879 2486 2887 ··

1446 2931 1586 2982 quibus
1606 2931 1762 2976 studiis,
1786 2931 1876 2981 quia
1898 2939 2015 2968 totam
2042 2930 2221 2968 monachi
2240 2930 2355 2967 vitam
2376 2939 2460 2981 ma-¹

1446 2993 1548 3029 xime
1568 2992 1770 3042 invigilare
1792 3001 1970 3043 oportet,
1996 2992 2272 3038 decreverunt,
2293 2998 2336 3028 ut
2353 2988 2459 3041 color·¹
2512 3000 2515 3005 ¹

1449 3052 1641 3099 moribus,
1660 3061 1786 3090 vestes
1807 3053 2034 3100 virtutibus,
2053 3067 2129 3104 qua
2145 3059 2305 3104 possent
2317 3061 2451 3100 cogna-
2469 3061 2474 3066 ’

1447 3114 1551 3150 tione
1573 3113 1843 3163 jungerentur.
1867 3118 1999 3152 Vestes
2019 3114 2124 3152 enim
2142 3112 2323 3152 candidas
2342 3108 2453 3161 magis
2479 3132 2482 3143 ·

1445 3175 1605 3224 gloriam
1646 3188 1759 3225 quam
1803 3173 2058 3224 abjectionem
2072 3204 2082 3221 ,
2121 3174 2241 3224 magis
2279 3170 2470 3223 gaudium*

1445 3247 1558 3283 quam
1595 3248 1800 3272 mcrrorcm
1835 3235 2046 3284 antiquitus
2077 3234 2312 3284 designasse;
2343 3228 2451 3280 magis

420 3371 428 3384 ¹
449 3363 520 3394 (kal.
541 3374 592 3399 vi,
618 3365 669 3393 lix.
688 3380 724 3382 j*
752 3366 763 3381 ²
778 3360 897 3391 Calos&
917 3369 972 3392 ιῐι,
996 3362 1046 3389 11.
1068 3377 1110 3379 κᾉ
1132 3355 1238 3399 3Reg.
1258 3362 1290 3389 S.
1310 3361 1488 3399 Benedicti,
1504 3372 1574 3404 cap*
1597 3365 1650 3391 δί).
