2533 3920
355 249 424 286 155

351 327 422 363 tria
439 332 527 362 sunt
543 335 627 372 quae
649 322 760 358 finem
781 317 967 356 indicunt.
989 317 1158 354 Primum
1180 315 1356 366 quidem,
1374 315 1388 333 ⁵

1141 267 1148 273 .
1179 237 1434 274 BERNARDI
1462 235 1665 272 ABBATIS

1393 315 1407 333 ²
1425 314 1607 364 quoniam
1629 312 1740 361 inops
1760 317 1798 346 et
1815 321 1964 359 pauper
1982 321 2066 345 sum
2087 321 2170 358 ego.
2186 308 2337 345 Justitia
2356 321 2438 345 me-

2357 233 2429 269 156

351 384 456 436 quod
479 383 642 420 maxime
663 392 800 417 vereor
820 392 867 414 ne
894 378 979 414 fiam
1002 390 1187 413 onerosus
1210 375 1320 412 vobis
1349 390 1356 412 z
1378 381 1411 415 A
1427 375 1540 411 ritum
1573 371 1709 422 quaerit
1729 385 1736 406 :
1762 368 2021 405 misericordia
2043 368 2232 404 miseriam
2253 368 2436 406 intuetur.

352 444 586 487 seeundum,
620 441 709 491 quia
737 438 857 490 pudet
886 437 1125 487 loquacitatis
1152 452 1159 473 :
1184 436 1358 482 tertium,

355 504 460 556 quod
487 502 703 540 domesticis
727 512 867 548 urgeor
887 498 1000 535 curis.
1028 501 1071 534 In
1103 497 1176 533 fine
1207 509 1358 547 precor,

353 563 584 602 miseremini
602 561 673 598 mei
693 576 700 597 :
717 569 754 597 ct
774 560 803 596 si
823 558 1038 596 exsultastis
1053 558 1091 594 in
1108 556 1219 593 bonis
1238 556 1283 593 de
1300 569 1360 592 me

352 635 500 662 tantum
519 623 655 660 auditis
668 650 676 665 ,
694 621 824 667 certis,
840 633 988 669 quaeso,
1008 618 1269 668 compatimini
1286 631 1362 653 ma-

350 686 406 722 lis.
428 684 531 723 Vidit
555 682 721 720 fortassis
741 681 807 731 qui
828 679 936 717 vobis
960 693 1002 716 ea
1022 679 1212 723 narravit,
1237 678 1362 727 aliqua

352 758 491 795 parva,
519 751 557 780 et
577 742 623 778 de
650 741 777 791 parvis
805 739 966 790 grandia
993 738 1191 775 aestimavit
1210 752 1218 773 ε
1236 745 1363 772 vestra

352 814 480 842 autem
513 803 707 841 sinceritas
736 801 842 838 facile
876 799 1038 837 credidit
1068 798 1172 848 quod
1199 796 1363 834 libenter

353 864 509 903 audivit.
546 863 729 902 Gratulor
760 860 915 911 quidem
953 860 999 897 de
1035 859 1238 903 charitate,
1279 869 1364 906 quae

358 926 487 964 omnia
505 924 625 962 credit
642 931 650 945 ¹
673 939 680 960 :
699 922 985 959 sedconfundor
1001 934 1072 971 pro
1088 920 1262 964 veritate,
1281 931 1365 967 quae.

355 988 485 1025 omnia
505 986 624 1022 novit.
643 985 740 1021 Volo
761 996 829 1019 vos
853 982 944 1018 mihi
967 981 1122 1018 credere
1142 980 1188 1016 de
1209 992 1268 1015 me
1287 992 1367 1014 ma-

356 1049 410 1097 gis
427 1060 539 1097 quam
554 1045 683 1090 alteri,
700 1044 765 1093 qui
786 1051 933 1079 tantum
954 1041 1056 1078 videt
1071 1042 1110 1078 in
1130 1040 1233 1077 facie.
1247 1043 1367 1076 Nemo

354 1109 498 1158 quippe
525 1106 593 1142 scit
612 1118 697 1154 quae
721 1112 809 1140 sunt
837 1103 874 1139 in
905 1102 1080 1145 homine,
1113 1100 1186 1136 nisi
1213 1099 1368 1150 spiritus

354 1166 519 1204 hominis
546 1164 611 1214 qui
638 1164 678 1200 in
704 1176 750 1200 eo
773 1169 864 1200 est2.
887 1162 983 1199 Dico
1011 1160 1122 1197 vobis
1147 1173 1217 1209 ego
1237 1158 1369 1208 quide

356 1241 416 1264 me
444 1227 584 1275 loquor
610 1237 687 1260 non
716 1237 764 1259 ex
789 1221 1029 1271 conjectura,
1051 1220 1118 1258 sed
1143 1234 1191 1257 ex
1213 1228 1370 1257 senten—

359 1289 408 1325 tia
427 1304 434 1324 :
452 1291 538 1325 Non
559 1299 640 1322 sum
663 1285 745 1321 talis
764 1283 885 1333 qualis
905 1291 1022 1333 putor
1037 1282 1097 1318 vel
1115 1281 1234 1318 dicor.
1257 1278 1371 1328 Quod

357 1347 510 1398 quidem
535 1355 607 1382 tam
633 1358 791 1382 securus
812 1344 946 1390 fateor,
965 1356 1078 1393 quam
1106 1351 1231 1379 certus
1257 1353 1372 1390 expe-

357 1409 436 1445 rior
457 1423 464 1444 :
485 1408 536 1443 ita
560 1415 603 1442 ut
629 1406 681 1442 nil
712 1405 839 1441 malim
868 1404 1002 1440 vestris
1029 1401 1267 1439 orationibus
1287 1413 1370 1450 spe-

357 1468 502 1505 cialiter
534 1465 727 1511 obtinere,
750 1478 864 1514 quam
894 1472 936 1500 ut
971 1464 1054 1500 talis
1085 1464 1190 1508 fiam,
1219 1461 1370 1512 qualem

361 1528 496 1564 litterae
525 1535 661 1563 vestrae
686 1525 909 1576 praedicant.

360 1658 557 1667 ==w==xs==n==
562 1655 789 1666 ιῃιιυιιικιυιιιιπ
795 1653 1153 1664 »νιιιπιιιιιιιιιικιιιιιι-
1159 1653 1227 1661 ====x
1232 1651 1373 1661 ιιικιικιῑι

553 1777 930 1835 EPISTOLA
992 1776 1127 1831 XII.

747 1941 793 1963 AD
823 1939 986 1963 EOSDEM.

553 2078 756 2112 Orationibus
782 2088 891 2110 eorum
915 2088 947 2109 se
973 2077 1184 2108 commendat.

366 2215 636 2257 Amantissimo
666 2213 854 2259 Domino,
877 2222 914 2250 et
937 2212 1257 2250 reverendissimo
1278 2213 1378 2263 patri

419 2281 591 2316 Gen-,051
617 2275 739 2312 Priori
761 2274 1009 2320 Cartusiensi,
1032 2281 1069 2310 et
1089 2273 1227 2310 sanctis
1249 2274 1376 2310 fratri-

418 2337 491 2374 bus
523 2334 806 2373 adhaerentibus
835 2334 889 2379 ei,
925 2335 1042 2371 frater
1072 2337 1298 2371 Bmmnnus
1333 2333 1380 2371 de

421 2396 674 2441 Clara-Valle,
698 2394 891 2431 modicum
912 2393 951 2430 id
971 2393 1076 2443 quod
1097 2401 1165 2430 est.

422 2537 592 2575 Primum
622 2534 728 2586 quod
755 2533 938 2571 accedens
959 2533 1006 2570 ad
1034 2541 1162 2584 partes
1191 2533 1273 2570 illas
1303 2546 1381 2569 non

369 2597 491 2648 adjeci
529 2595 731 2647 pervenire
766 2607 887 2643 usque
919 2592 967 2630 ad
998 2607 1066 2630 vos
1102 2592 1232 2629 videre
1271 2593 1382 2629 facies

1424 438 1523 472 Vera
1544 430 1805 469 misericordia
1825 443 1902 466 non
1920 428 2087 478 judicat,
2109 428 2174 466 sed
2199 429 2314 465 aflicit
2331 443 2338 466 :
2358 442 2437 466 non

1426 494 1560 531 nititur
1597 491 1849 537 discussione,
1884 490 2086 526 occasione
2127 497 2319 526 contenta.
2352 492 2439 526 Non

1427 555 1526 592 enim
1546 561 1789 604 exspectatur
1815 551 1930 596 ratio,
1954 550 2020 587 ubi
2041 550 2192 587 affectio
2213 549 2340 586 trahit.
2358 553 2440 587 Lu—

1429 615 1541 666 gebat
1561 614 1711 653 Samuel
1729 613 1836 659 Saul,
1857 613 2060 657 miserans,
2084 624 2162 647 non
2181 609 2397 648 deliberans
2411 608 2440 648 ³.

1427 675 1629 715 Fundebat
1657 675 1844 723 lacrymas
1872 672 1994 710 David
2026 672 2104 708 filio
2132 670 2353 721 parricidae,
2372 670 2442 708 etsi

1429 750 1507 774 non
1529 737 1770 787 profuturas,
1799 734 1880 784 pias
1908 742 2032 770 tamen
2047 733 2074 769 4.
2098 735 2155 769 Ita
2175 739 2214 768 et
2239 744 2308 768 vos
2329 731 2443 768 mise-

1429 798 1566 834 remini
1597 796 1690 842 mei,
1724 809 1801 832 non
1831 795 1919 845 quia
1950 794 2093 839 merui,
2124 792 2189 830 sed
2218 792 2308 842 quia
2335 804 2443 842 egeo.

1429 857 1663 895 Miseremini
1682 864 1862 906 tanquam
1883 853 2182 891 misericordiam
2209 852 2403 889 consecuti
2423 865 2446 889 a

1430 918 1618 963 Domino,
1651 923 1694 952 ut
1729 916 1809 952 sine
1839 915 1976 951 timore
2003 927 2024 951 a
2053 913 2187 950 mundi
2218 911 2446 949 tumultibus

1431 975 1583 1013 liberati
1611 976 1782 1013 serviatis
1809 975 1855 1011 ei.
1875 975 2039 1020 Felices,
2069 986 2167 1024 quos
2187 972 2388 1010 abscondit
2406 972 2446 1009 in

1433 1035 1681 1073 tabernaculo
1713 1048 1783 1071 suo
1819 1034 1859 1070 in
1901 1033 1961 1070 die
1995 1034 2204 1078 malorum,
2238 1033 2277 1069 in
2309 1031 2447 1069 umbra

1435 1097 1581 1133 alarum
1609 1108 1764 1133 suarum
1791 1102 2006 1144 sperantes,
2027 1094 2151 1130 donec
2180 1101 2348 1130 transeat
2374 1092 2449 1129 ini—

1436 1157 1573 1207 quitas.
1592 1159 1778 1194 Caeterum
1796 1168 1866 1204 ego
1886 1154 2037 1200 infelix,
2062 1165 2211 1203 pauper
2237 1160 2274 1188 et
2297 1151 2445 1198 nudus,

1435 1217 1553 1254 homo
1570 1225 1682 1254 natus
1699 1215 1746 1253 ad
1762 1214 1930 1252 laborem
1943 1244 1952 1259 ‚
1972 1213 2168 1264 implumis
2185 1212 2333 1249 avicula
2350 1225 2449 1262 pene

1437 1277 1543 1314 omni
1571 1285 1744 1327 tempore
1770 1275 1905 1312 nidulo
1931 1275 2128 1320 exsulans,
2145 1281 2261 1310 vento
2278 1272 2451 1323 exposita

1438 1348 1475 1376 et
1504 1337 1666 1384 turbini3
1696 1336 1872 1374 turbatus
1902 1349 1985 1373 sum
2015 1343 2054 1372 et
2080 1342 2208 1371 motus
2238 1346 2321 1370 sum
2354 1333 2452 1370 sicut

1437 1398 1585 1444 ebrius,
1607 1406 1645 1434 et
1668 1397 1793 1434 omnis
1813 1396 2047 1434 conscientia
2072 1407 2158 1431 mea
2181 1393 2364 1430 devorata
2382 1402 2450 1430 est.

1436 1458 1669 1496 Miseremini
1697 1456 1879 1508 proinde,
1908 1457 1978 1494 etsi
2010 1456 2062 1493 nil
2093 1454 2240 1501 meriti,
2271 1462 2373 1491 certe
2399 1453 2453 1491 sic

1439 1519 1577 1557 affecti.

1442 1645 2432 1659 =================================================================
2436 1645 2460 1654 m

1637 1771 2012 1828 EPISTOLA
2071 1765 2258 1826 XIII.a

1607 1937 1652 1959 An
1682 1936 1865 1959 nomnen
1896 1934 2013 1957 PAPAM
2042 1933 2252 1957 HONORIUM
2266 1919 2295 1955 *.

1440 2083 1580 2116 Alberici
1597 2083 1782 2115 electionem
1799 2081 1839 2113 ad
1856 2080 2070 2123 episcopatum
2080 2079 2341 2112 Catalaunensem
2356 2083 2456 2110 ratam

1831 2135 1942 2167 haberi
1973 2134 2063 2177 petit.

1446 2278 1603 2313 Summo
1628 2273 1803 2322 pontifici
1826 2276 2028 2319 Honomo,
2047 2271 2163 2308 frater
2182 2268 2339 2320 quidam
2365 2281 2460 2319 pro-

1500 2335 1662 2373 fessione
1690 2333 1921 2377 monachus,
1942 2330 2235 2369 conversatione
2263 2337 2458 2380 peccator,

1502 2408 1541 2432 se
1570 2395 1695 2445 ipsum
1723 2392 1930 2443 quantillus
1959 2399 2027 2428 est.

1501 2535 1619 2572 Aiunt
1634 2533 1737 2584 apud
1752 2547 1822 2571 vos
1839 2534 1925 2584 plus
1941 2533 2070 2570 valere
2086 2530 2268 2584 pauperis
2283 2544 2458 2581 precem,

1449 2608 1562 2644 quam
1584 2594 1752 2644 potentis
1775 2595 1938 2631 vultum.
1959 2598 2016 2632 De
2040 2606 2114 2643 qua
2135 2600 2263 2630 vestra
2279 2590 2462 2641 singulari

366 2667 531 2703 vestras,
554 2654 802 2692 rememorari
827 2652 1048 2702 iniquitates
1073 2660 1110 2688 et
1138 2652 1381 2688 necessitates
1399 2657 1432 2690 D
1451 2655 1669 2704 dignatione
1691 2663 1766 2691 tam
1784 2663 1914 2692 sancta
1933 2654 2066 2705 opinio
2083 2653 2171 2691 facit
2186 2666 2247 2690 me
2269 2651 2464 2703 dignitatis

370 2731 498 2755 meas:
521 2716 590 2752 etsi
620 2713 730 2751 vobis
762 2713 920 2749 forsitan
951 2711 1165 2748 satisfacere
1197 2724 1378 2761 possum,

373 2778 484 2821 mihi,
505 2776 639 2820 fateor,
663 2787 741 2811 non
758 2786 925 2823 possum.
947 2775 1095 2808 Irascor
1117 2772 1382 2821 occupationi-

372 2837 444 2874 bus
465 2835 577 2881 meis,
603 2833 743 2884 quibus
764 2833 904 2869 factum
925 2840 1002 2878 cst,
1025 2844 1103 2868 non
1133 2839 1175 2868 ut
1204 2832 1383 2881 neglexe-

372 2898 464 2943 rim,
485 2894 551 2932 sed
571 2902 614 2931 ut
630 2893 881 2943 nequiverim.
900 2896 982 2929 Hoc
1003 2891 1223 2942 frequenter
1242 2892 1382 2942 patior,

373 2965 411 2994 et
432 2955 519 2992 ideo
544 2955 764 3003 frequenter
785 2953 926 2988 irascor
945 2967 952 2988 :
978 2951 1115 3001 dignus
1135 2952 1302 2998 utinam,
1324 2953 1384 2989 cui

373 3015 498 3053 omnis
530 3022 681 3050 sanctus
715 3012 930 3048 condoleat.
968 3012 1150 3061 Alioquin
1183 3012 1386 3063 dupliciter

375 3076 488 3114 miser
508 3087 610 3120 sum,
634 3074 663 3109 si
697 3086 766 3109 nec
799 3071 1025 3109 miserabilis
1055 3086 1150 3110 sum.
1183 3077 1261 3123 Ego
1292 3087 1385 3110 vero

376 3136 552 3173 fraternae
584 3133 715 3183 pietati
746 3132 873 3169 locum
909 3132 947 3169 in
988 3146 1048 3170 me
1083 3133 1266 3180 ostendo,
1307 3147 1385 3170 non

377 3195 568 3233 meritum.
586 3193 819 3231 Miseremini
836 3192 929 3239 mei,
949 3206 1026 3230 non
1045 3193 1134 3244 quia
1148 3193 1302 3244 dignus,
1320 3194 1385 3231 sed

1448 2713 1710 2754 celsitudinem
1750 2730 1828 2753 non
1865 2716 2009 2761 vereri,
2036 2729 2114 2766 quo
2145 2715 2272 2752 minus
2301 2713 2461 2751 audeam

1448 2778 1554 2827 loqui
1572 2776 1618 2813 ad
1634 2790 1722 2823 vos,
1740 2776 1777 2813 id
1796 2777 2006 2826 praesertim
2024 2775 2129 2826 quod
2146 2774 2308 2812 charitas
2325 2786 2463 2823 sugge-

1450 2837 1509 2874 rit.
1537 2841 1594 2874 De
1622 2837 1789 2874 Ecclesia
1827 2836 1934 2883 dieo,
1966 2836 2142 2882 domine,
2171 2833 2462 2880 Catalaunensi;

1452 2896 1580 2946 cujus,
1613 2905 1797 2946 quantum
1834 2897 1873 2933 in
1916 2909 1975 2933 me
2011 2904 2087 2942 est,
2121 2908 2192 2932 nec
2221 2894 2352 2939 valeo,
2392 2905 2464 2930 nec

1452 2956 1574 2993 debeo
1607 2956 1844 2993 dissimulare
1876 2956 2103 3007 periculum.
2139 2953 2320 2992 Videmus
2350 2951 2464 2989 nimi-

1452 3031 1557 3062 rum,
1586 3016 1822 3067 jamjamque
1854 3016 2053 3054 imminere
2081 3014 2267 3052 sentimus
2296 3026 2368 3051 nos
2397 3011 2464 3062 qui

1451 3078 1566 3115 vicini
1585 3091 1736 3124 sumus,
1754 3091 1887 3128 pacem
1904 3076 2080 3114 videlicet
2097 3066 2318 3112 memoratae
2333 3073 2464 3111 Eccle-

1453 3137 1516 3173 siae
1545 3138 1710 3186 graviter
1739 3151 1830 3174 mox
1849 3150 1931 3174 esse
1961 3134 2211 3182 turbandam3
2231 3134 2262 3172 si
2286 3131 2464 3173 electioni

1453 3197 1608 3235 illustris
1626 3198 1726 3235 illius
1752 3197 1843 3244 viri,
1861 3196 1899 3234 id
1917 3204 1991 3244 est,
2008 3195 2178 3246 magistri
2193 3193 2360 3233 Alberici
2373 3193 2405 3240 *,
2423 3192 2463 3230 in

432 3325 474 3352 ¹1
494 3323 568 3353 Cor.
584 3331 666 3358 x111,
684 3323 716 3352 7.
737 3339 781 3343 —
805 3319 952 3356 ²1d.11,
977 3325 1028 3352 11.
1055 3340 1072 3343 κ
1107 3319 1243 3364 ³1Reg.
1264 3335 1323 3361 xv,
1347 3326 1401 3355 35.
1420 3343 1461 3346 —
1488 3324 1772 3368 ⁴11Reg.xv111,
1795 3328 1849 3357 33.

429 3388 441 3403 θ
457 3382 576 3424 Scripta
593 3392 675 3413 anno
696 3380 809 3413 Christi
836 3384 845 3413 1
861 3385 936 3413 Ι2ὓ.
