2565 3952
65 154 134 194 517

990 146 1254 182 EPISTOLAE.

2086 142 2163 177 518

63 234 206 286 pleant‚
236 240 314 265 non
342 235 399 263 est
427 225 533 262 facile
557 224 675 261 dictu.
704 227 794 261 Haec
818 236 892 273 pro
915 223 983 260 his.
1012 221 1128 260 De²¹³
1142 221 1236 258 mini
1258 219 1407 266 adhuc;
1431 232 1518 256 nam
1547 218 1729 269 sperandi
1757 219 1854 255 ratio
1884 218 2040 256 suberat
2064 220 2159 256 talis.

63 299 195 331 caetero
218 288 249 325 si
274 294 492 337 suggestum
513 284 625 321 vobis
647 298 669 321 a
685 284 869 334 quopiam
891 284 1006 320 fuerit
1027 283 1074 320 de
1094 286 1124 319 A
1142 282 1303 320 Dicebat
1327 294 1336 316 z
1364 279 1484 318 Valde
1512 280 1735 316 immutatus
1766 288 1823 316 est
1861 293 1991 316 rerum
2019 288 2139 316 status
2153 310 2162 326 ,

64 367 121 392 ine
147 350 309 400 amplius
334 346 556 391 onerand0‚
583 345 718 382 scitote
750 345 843 382 milii
869 345 970 382 vires
995 357 1075 381 non

64 420 261 465 suppetere
293 408 339 446 ad
365 422 408 445 ea
440 421 526 458 quae
564 415 693 457 porto.
721 409 918 455 Quantum
956 405 1073 451 mihi,

64 482 206 513 tantum
239 469 401 521 parcetis
434 477 471 504 et
498 467 620 504 vobis.
660 467 906 517 Propositum
946 479 1074 503 meum

64 531 332 574 monasterium
354 543 431 566 non
453 528 700 579 egrediendi³
723 528 839 565 credo
861 541 939 564 non
957 528 1075 564 latere

64 609 139 634 vos.
158 598 214 632 De
229 593 344 630 fratre
364 590 547 637 Baldicio,
566 590 742 640 quamvis
762 589 918 636 dilecto,
935 603 1074 640 quam—

64 658 116 695 vis
147 653 384 698 necessario,
424 650 624 688 obeditum
657 659 714 688 est
751 651 833 688 sine
865 664 986 687 mora.
1020 654 1075 687 De

64 716 194 756 abbate
221 712 410 751 mittendo
438 711 486 748 ad
509 712 962 749 Sanctum-Anastasium
985 709 1016 756 b,
1045 711 1075 747 si

65 779 198 816 factum
217 787 296 812 non
317 781 396 820 est,
419 774 484 809 liet
505 772 633 809 statim
654 780 697 808 ut
721 772 863 808 factum
890 784 970 807 non
994 783 1074 808 esse

65 838 230 878 sciemus.
256 839 380 873 Porro
405 833 452 870 de
473 834 547 871 alia
568 833 756 870 mittenda
773 845 963 883 persona,
987 831 1078 882 quia

64 901 100 939 in
125 897 267 936 ultimis
289 895 427 933 litteris
447 895 585 932 vestris
612 894 706 931 nibil
735 893 959 944 scripsistis,
983 892 1077 930 nihil

65 958 386 1013 praesumpsimus.
415 959 604 995 Caeterum
635 965 673 993 et
700 956 774 993 hoc
804 964 880 992 tam
905 955 1080 992 celeriter

1143 357 1190 380 ex
1208 356 1285 394 quo
1304 342 1398 379 mihi
1416 341 1607 378 sententia
1627 340 1865 391 purgationis
1885 341 2067 390 imposita
2081 341 2164 377 fuit.

1144 408 1192 442 Et
1217 403 1373 454 quidem
1403 416 1560 452 gravem
1588 402 1692 438 illam
1727 401 1815 438 satis
1841 401 1995 451 accepi,
2023 409 2061 437 et
2079 414 2165 450 quae

1142 465 1204 502 vel
1234 464 1282 502 ab
1308 464 1625 501 innocentissimo
1652 462 1805 499 difficile
1837 461 1991 512 impleri
2019 469 2162 511 posset.

1144 525 1246 574 Quid
1274 538 1397 571 nunc,
1433 538 1520 561 cum
1551 532 1688 561 cuncta
1719 536 1819 573 pene
1852 523 1891 559 in
1930 521 2167 572 impossibile

1143 600 1254 623 versa
1286 587 1402 623 sunt?
1431 585 1609 623 'Nivernis
1639 597 1719 621 non
1745 592 1802 620 est
1828 583 2035 634 episcopus
2049 590 2078 629 g,
2101 582 2168 619 sed

1144 661 1192 684 ne
1218 647 1347 685 Trecis
1373 646 1531 697 quidem
1575 661 1582 683 :
1614 643 1962 684 Autissiodorensis
2003 643 2167 679 transal-

1143 709 1306 760 pinavit.
1325 708 1722 759 Comprovincialium
1749 719 1840 744 sane
1869 705 2142 756 episcoporum
2158 733 2167 749 ,

1143 785 1214 822 per
1231 785 1329 822 quos
1352 784 1413 808 me
1431 770 1586 821 purgari
1609 769 1805 820 oportuit,
1833 781 1922 819 pars
1950 767 2071 804 multa
2088 767 2170 803 haec

1145 842 1213 870 est.
1244 837 1332 871 Non
1360 841 1463 870 certe
1496 840 1726 882 purgatores
1756 830 1942 866 deficiunt
1968 828 2081 875 mihi,
2103 827 2170 864 sed

1145 893 1319 944 episcopi
1347 894 1408 930 vel
1441 893 1603 940 desunt,
1636 891 1697 929 vel
1732 890 1886 928 absunt.
1915 889 2017 939 Quid
2052 890 2172 939 ergo?

1147 963 1301 992 rectene
1331 968 1352 992 a
1385 967 1446 991 me
1474 953 1574 1004 exigi
1606 960 1734 1004 potest
1760 951 1866 1002 quod
1898 950 2062 987 inveniri
2092 962 2170 986 non

65 1023 145 1067 fiet,
177 1033 292 1071 quam
313 1018 425 1056 vobis
454 1019 668 1056 accelerare
695 1017 896 1068 placuerit.
925 1017 1078 1054 Plenius
1096 1019 1123 1052 Β
1144 1017 1300 1066 potest?
1315 1016 1353 1053 Si
1374 1029 1434 1052 res
1454 1014 1641 1065 itajudici
1656 1021 1855 1064 comperta
1875 1011 2010 1057 fuerit,
2031 1011 2171 1047 mirum

65 1081 168 1121 vobis
198 1090 237 1119 et
266 1080 505 1118 manifestius
537 1079 584 1116 de
618 1080 676 1117 his
702 1078 884 1117 omnibus
912 1092 1078 1130 respon-

65 1142 205 1182 debunt
230 1142 412 1179 dominus
444 1140 793 1180 Autissiodorensis
823 1147 856 1187 ⁰,
893 1149 930 1177 et
964 1141 1080 1177 frater

64 1204 256 1244 Baldicius.
283 1203 398 1252 Quod
425 1211 566 1240 sanctae
600 1202 797 1238 memoriae
830 1201 1041 1239 Balduinus
1062 1200 1080 1224 d

66 1265 219 1305 Pisanus
242 1264 555 1314 archiepiscopus
577 1263 666 1299 fecit
681 1262 721 1298 in
743 1261 919 1300 Sardinia
943 1262 990 1298 de
1011 1276 1081 1299 ex-

65 1325 412 1365 communicatione
430 1324 662 1361 Arvorensis
679 1322 840 1372 judicis,
869 1323 959 1373 quia
978 1336 1082 1359 non-

65 1388 131 1427 nisi
150 1386 252 1437 juste
283 1386 358 1423 hoc
376 1386 503 1423 virum
528 1384 676 1421 bonum
710 1384 842 1421 fecisse
866 1383 1079 1431 credimus,

64 1457 185 1487 vestra
197 1447 427 1486 auctoritate
440 1455 564 1484 ratum
580 1455 618 1483 et
632 1446 905 1483 inconcussum
923 1459 1080 1483 manere

66 1522 253 1561 rogamus.
277 1512 400 1546 Porro
412 1507 642 1546 Turritanus
660 1507 781 1557 judex
797 1506 827 1554 *,
845 1507 934 1557 quia
952 1505 1080 1544 bonus

66 1571 198 1609 dicitur
218 1583 299 1607 esse
325 1569 529 1621 princeps,
551 1569 600 1606 sit
621 1568 733 1606 vobis
762 1567 1079 1616 commendatus,

65 1640 100 1670 et
117 1646 138 1669 a
155 1630 266 1669 vobis
289 1639 599 1669 manuteneatur.

65 1777 668 1790 v-==nmu=x====vumnwsu==v====x=====1=z
674 1777 932 1787 vxx2===1v=vu==2==
939 1779 964 1787 ῃ
971 1779 1083 1788 unns-s-

187 1898 576 1957 EPISTOLA
630 1897 962 1958 CCXLVI.e

93 2066 140 2089 AD
167 2065 328 2089 EUMDEM
359 2064 432 2088 PRO
461 2064 617 2098 EODEM,
650 2065 806 2095 QUANDO
836 2065 1053 2088 PRAEDICTUS

196 2131 199 2134 “
249 2126 543 2150 AURELIANENSIS
572 2126 777 2149 DEPOSITUS
806 2125 883 2149 EST.

67 2245 332 2283 aurelianensem,
351 2250 464 2289 sponte
482 2256 515 2277 se
531 2245 717 2288 episcopatu
733 2244 934 2277 abdicantem
945 2270 952 2284 ,
977 2246 1083 2277 Ponti-

107 2299 157 2332 fici
174 2299 395 2338 commendat,
414 2305 450 2331 ut
471 2298 586 2331 honori
607 2300 674 2342 ejus
692 2305 822 2331 cautum
841 2310 908 2330 esse
928 2299 1002 2331 velit
1024 2312 1031 2331 ε
1049 2299 1082 2331 id

106 2354 313 2388 humilitatem
332 2355 400 2397 ejus
411 2378 419 2394 ,
440 2360 472 2386 et
489 2354 650 2387 Pontificis
669 2354 868 2386 clementiam
884 2354 1006 2386 decere.

118 2481 149 2519 1.
181 2484 348 2532 Tempus
376 2488 434 2517 est
464 2488 509 2517 ut
528 2489 567 2517 et
588 2493 659 2530 ego
687 2479 876 2527 scribam,
904 2495 984 2518 non
1002 2480 1083 2531 jam

69 2555 136 2593 pro
155 2542 339 2593 episcopo
355 2572 364 2589 ,
386 2541 453 2579 sed
473 2555 545 2592 pro
570 2555 743 2592 paupere
774 2550 812 2578 et
842 2541 977 2579 humili
998 2556 1084 2579 mo-

1148 1077 1178 1114 si
1201 1077 1248 1114 de
1271 1076 1503 1128 impossibili
1534 1076 1764 1114 sententiam
1787 1074 1882 1111 ferat
1909 1088 1916 1110 :
1940 1081 2006 1110 aut
2037 1072 2066 1109 si
2091 1085 2170 1109 non

1148 1151 1195 1174 ex
1215 1146 1295 1175 toto
1312 1137 1564 1189 impossibile,
1588 1137 1752 1174 nimium
1772 1134 1909 1186 hquod
1927 1135 2025 1171 forte
2044 1134 2172 1170 minus

1148 1207 1217 1244 est,
1239 1199 1377 1235 leviter
1403 1199 1561 1247 effugiet
1581 1198 1685 1234 ultro
1709 1196 1967 1246 negligentius
1992 1208 2173 1245 perscru-

1153 1266 1296 1294 tantem
1326 1272 1333 1294 :
1359 1271 1499 1308 nempe
1531 1256 1836 1294 misericordiam
1862 1257 1967 1301 vult,
1998 1269 2077 1292 non
2115 1268 2172 1291 sav

1151 1319 1351 1355 orificium.
1376 1322 1470 1367 Quae
1497 1319 1599 1355 enim
1628 1318 1771 1354 utilitas
1791 1317 1831 1353 in
1858 1317 2042 1365 sanguine
2065 1329 2174 1362 meo,

1151 1389 1194 1417 ut
1233 1389 1382 1431 quaerat
1421 1380 1665 1430 iniquitatem
1704 1391 1827 1415 meam
1843 1407 1852 1423 ,
1897 1386 1934 1414 et
1969 1386 2172 1427 peccatum

1149 1455 1278 1479 meum
1306 1443 1524 1479 scrutetur?
1553 1441 1673 1491 Magis
1694 1449 1844 1486 autem,
1869 1440 1958 1490 quia
1986 1438 2177 1489 benignus

1148 1512 1187 1540 et
1214 1504 1433 1541 misericors
1459 1512 1540 1550 est,
1567 1502 1713 1554 aliquid
1735 1502 2008 1548 obliviscetur,
2032 1500 2177 1551 aliquid

1149 1565 1426 1612 dissimulabit,
1455 1565 1600 1616 aliquid
1618 1573 1655 1602 et
1676 1564 1723 1601 de
1749 1578 1819 1601 suo
1838 1563 1965 1601 addet.
1985 1564 2178 1600 Dominus

1149 1636 1215 1665 est.
1239 1632 1299 1665 An
1321 1641 1400 1665 non
1422 1628 1510 1664 licet
1537 1627 1572 1664 ei
1593 1626 1698 1677 quod
1722 1626 1806 1662 vult
1834 1625 1987 1662 facere?
2016 1624 2176 1662 Etiamsi

1149 1702 1244 1736 non,
1257 1697 1447 1740 quantum
1463 1697 1521 1726 sat
1532 1697 1602 1735 est,
1617 1687 1805 1725 rationem
1821 1686 1914 1723 mihi
1930 1685 2178 1736 suppeditare

1150 1752 1380 1799 adverterit,
1405 1752 1542 1802 quidni
1574 1760 1654 1789 tota
1674 1759 1803 1787 tamen
1826 1749 2004 1786 libertate
2024 1757 2177 1795 utetur,

1103 1808 1130 1845 C
1151 1821 1411 1863 prompteque
1443 1810 1746 1848 misericordiam
1784 1808 2087 1860 superexaltabit
2110 1809 2178 1858 ju—

1152 1873 1253 1910 dicio
1269 1903 1278 1920 ,
1298 1874 1359 1910 vir
1379 1873 1600 1924 apostolicae
1622 1871 1930 1909 mansuetudinis
1953 1879 1990 1907 et
2013 1872 2179 1908 auctori-

1153 1934 1238 1971 tatis
1255 1935 1270 1970 Ρ

1204 1996 1238 2033 2.
1261 1999 1362 2046 Ergo
1391 2009 1478 2033 cum
1502 1995 1554 2032 sic
1574 1994 1708 2032 liceret
1734 2007 1891 2045 sperare
1915 1994 2084 2039 timenti,
2108 2008 2178 2031 nec

1150 2056 1304 2103 frustra,
1327 2065 1370 2093 ut
1391 2055 1463 2093 sibi
1483 2056 1639 2106 suisque
1657 2054 1882 2102 videbatur3
1905 2056 2017 2092 cessit
2036 2064 2176 2101 tamen,

1149 2125 1187 2153 et
1220 2125 1356 2154 nostro
1387 2130 1426 2153 se
1459 2124 1584 2153 totum
1611 2115 1803 2152 commisit
1837 2114 2011 2151 arbitrio.
2042 2120 2098 2152 Ac
2128 2129 2175 2152 ne

1149 2179 1352 2215 occasione
1385 2178 1505 2228 ipsius
1538 2177 1682 2214 diutius
1722 2176 1881 2213 ecclesia
1923 2176 2173 2226 fatigaretur,

1149 2240 1375 2276 consulente
1395 2252 1456 2275 me
1477 2238 1693 2288 anticipans
1722 2237 1929 2274 terminum
1949 2267 1957 2283 ,
1978 2246 2016 2273 et
2034 2238 2178 2273 securis

1148 2301 1289 2346 ictum,
1311 2301 1417 2337 ultro
1438 2300 1667 2350 episcopum
1695 2300 1813 2335 exuit.
1835 2302 1967 2337 Unum
1989 2308 2068 2345 est,
2097 2300 2177 2335 cle-

1154 2362 1390 2398 mentissime
1422 2364 1559 2406 Pater,
1598 2359 1702 2397 unde
1738 2359 1888 2396 homini
1918 2373 2106 2410 generoso
2136 2374 2179 2396 ac

1153 2422 1376 2459 verecundo
1409 2423 1447 2458 in
1485 2430 1562 2458 tam
1597 2421 1815 2457 miseranda
1853 2422 2009 2457 fortuna
2048 2430 2179 2471 posset

1152 2496 1231 2519 non
1249 2496 1387 2533 parum
1409 2481 1685 2519 consolationis
1706 2481 1847 2518 afferri.
1864 2482 2043 2530 Quaeritis
2061 2482 2179 2532 quid?

1151 2544 1330 2582 Profecto
1353 2557 1432 2580 non
1454 2542 1627 2580 ambulat
1657 2543 1695 2579 in
1722 2543 1868 2593 magnis
1886 2572 1894 2588 ,
1927 2557 1999 2579 nec
2030 2543 2068 2580 in
2100 2544 2176 2580 mi—

68 2602 182 2641 nacho
197 2602 228 2651 ῖς
249 2603 380 2653 idque,
403 2603 510 2653 quod
530 2602 788 2640 miserabilius
806 2611 883 2649 est,
908 2604 1009 2640 facto
1031 2604 1078 2641 de
1098 2610 1130 2644 D
1151 2605 1340 2643 rabilibus
1359 2619 1476 2656 super
1496 2619 1547 2642 se.
1568 2605 1729 2651 Sufficit,
1750 2605 1778 2642 si
1796 2614 1924 2642 vestra
1941 2605 2179 2655 indulgentia

69 2661 179 2701 divite
208 2672 248 2701 et
279 2662 449 2701 sublimi.
469 2663 542 2701 Hic
566 2664 647 2713 jam
674 2677 754 2700 non
775 2663 891 2701 habet
910 2665 1080 2703 adulatio

69 2723 209 2772 locum,
237 2724 355 2762 habet
375 2724 585 2762 miseratio.
608 2725 722 2762 Multi
750 2739 823 2775 pro
843 2739 889 2762 eo
911 2727 1080 2777 scripse-

70 2792 164 2832 runt,
183 2794 226 2823 ut
244 2793 463 2823 remaneret
479 2785 686 2836 episcopus
705 2801 713 2822 :
736 2785 803 2823 sed
824 2787 988 2823 multum
1009 2788 1081 2825 hoc

69 2854 161 2894 erat3
190 2860 269 2885 non
305 2847 417 2898 potui
439 2846 578 2884 adduci
605 2860 701 2897 ego,
733 2855 777 2884 ut
804 2847 844 2884 id
882 2848 1078 2887 auderem.

62 2909 173 2957 ¹Nunc
199 2921 314 2955 vero,
345 2908 376 2945 si
411 2921 473 2945 res
507 2908 714 2945 humanius
745 2909 969 2956 aestimetur,
1000 2910 1083 2961 ipsa

71 2979 167 3005 nunc
188 2969 305 3020 exigit
330 2968 438 3019 quod
465 2977 552 3006 ante
578 2968 761 3006 vitabam.
784 2972 878 3019 Spes
899 2979 980 3007 erat
1007 2971 1082 3009 ho-

112 3124 127 3139 “
144 3123 226 3155 Vide
242 3124 408 3168 epistolam
427 3127 508 3164 227,
526 3131 558 3157 et
578 3124 743 3168 epistolam
763 3129 843 3165 228,
862 3138 895 3159 n.
916 3131 947 3159 2.

1149 2667 1271 2717 possit
1295 2667 1462 2703 retinere
1490 2665 1743 2711 sacerdotem,
1764 2667 1830 2716 qui
1847 2667 2052 2717 episcopus
2074 2667 2144 2703 fuit
2169 2682 2177 2704 ε

1150 2736 1300 2765 tantum
1322 2742 1343 2765 a
1364 2736 1457 2764 nota
1479 2727 1645 2764 infamiae
1674 2735 1712 2763 et
1743 2736 1941 2777 perpetuae
1972 2728 2178 2765 inustionis

1150 2788 1321 2826 cauterio
1336 2818 1346 2834 ,
1376 2797 1485 2825 scuto
1516 2787 1630 2824 bonae
1649 2787 1859 2824 voluntatis
1878 2796 2017 2825 vestrae
2038 2787 2180 2824 obum-

1149 2849 1286 2887 bretur
1306 2849 1391 2887 sibi.
1418 2852 1450 2887 O
1468 2849 1622 2900 dignam
1649 2849 1756 2885 omni
1785 2848 1968 2886 exauditu
1999 2851 2176 2899 precem!

1151 2914 1240 2949 Non
1274 2919 1384 2961 rogat
1414 2919 1457 2947 ut
1483 2910 1675 2960 gloriosus
1692 2939 1702 2956 ,
1725 2909 1791 2946 sed
1819 2923 1867 2946 ne
1892 2910 2079 2960 inglorius
2116 2911 2178 2956 sit,

1152 2972 1219 3023 qui
1239 2972 1386 3010 exstitit
1415 2972 1619 3022 gloriosus.
1648 2970 1846 3021 Quidquid
1876 2971 1970 3008 illud
1993 2971 2040 3008 sit
2073 2971 2178 3021 quod

113 3167 130 3192 ι’
143 3176 256 3210 Missus
272 3184 319 3210 est
335 3179 496 3211 Rualenus
507 3203 515 3218 ‚
538 3178 578 3210 de
595 3189 658 3221 quo
675 3178 808 3222 epistola
825 3184 889 3213 258
907 3206 914 3221 ,
936 3188 965 3213 et
981 3182 1051 3214 duae
1071 3189 1248 3226 sequentes.
1265 3202 1312 3207 -——
1331 3189 1345 3205 ε
1367 3183 1491 3216 Scilicet
1505 3186 1613 3225 Hugo.

113 3228 130 3251 ἆ
145 3229 228 3263 Vide
242 3232 390 3274 epistolas
411 3234 474 3264 144
491 3257 499 3272 ,
517 3235 596 3265 201.
614 3250 661 3256 -—·
678 3237 692 3254 e
713 3233 837 3276 Scripta
855 3245 940 3266 anno
956 3235 1073 3268 Christi
1093 3239 1193 3269 1146.

115 3275 128 3299 f
143 3286 189 3316 Ex
205 3283 321 3317 abbate
337 3286 592 3329 Sancti-Sulpicii
612 3286 696 3329 apud
714 3287 869 3330 Biturigas
888 3290 1055 3333 episcopus
1068 3316 1075 3330 ,
1092 3302 1130 3322 ex
1149 3291 1298 3334 episcopo
1316 3290 1420 3323 denuo
1438 3290 1623 3323 monachus.

115 3337 130 3361 g
146 3337 228 3369 Vide
240 3339 403 3381 epistolam
420 3342 500 3372 275.
517 3359 562 3386 ὴ-
581 3333 597 3358 ¹¹
614 3340 701 3372 Alias
715 3364 722 3379 ‚
744 3342 918 3375 minimum.
